2842 4860
101 223 143 304 98

690 224 726 286 ΙΙ

125 450 128 454 ,
190 385 242 448 oui
264 385 378 448 similis
400 393 468 448 toto
491 393 649 449 terrarum
672 387 764 449 nullo
786 385 828 449 sit
851 386 918 448 orbi
930 411 937 463 3

190 488 319 552 infinita
340 496 451 551 tamen
473 487 537 550 nisi
559 489 621 552 erit
643 488 691 551 vis
714 489 861 552 materiai

190 591 277 656 unde
299 614 338 656 ea
359 591 509 678 progigni
530 592 632 676 possit
655 602 818 677 concepta,
841 593 941 656 creari

189 719 254 760 non
276 696 405 780 poterit,
427 716 541 780 neque,
565 694 650 779 quod
673 704 828 778 superest,
850 718 1048 780 procrescere
1071 697 1187 782 alique.

189 799 309 885 quippe
332 801 453 864 etenim
477 823 602 864 sumam
625 800 685 863 hoc
708 822 835 885 quoque
859 801 909 865 uti
932 801 1025 865 finita
1046 823 1105 886 per
1128 824 1224 866 omne

189 926 320 987 corpora
333 904 454 976 iactari
476 903 573 966 unius
595 903 753 988 genitalia
774 904 830 978 rei,

188 1006 275 1071 unde
297 1008 355 1071 ubi
378 1030 443 1092 qua
464 1008 496 1069 vi
520 1015 554 1071 ct
576 1029 640 1091 quo
662 1015 757 1092 pacto
780 1029 948 1092 congressa
970 1009 1104 1073 coibunt
1167 1070 1169 1074 Α

189 1111 343 1175 materiae
366 1119 457 1174 tanto
480 1111 515 1173 in
536 1111 652 1196 pelago
674 1111 836 1196 turbaque
859 1094 988 1176 aliena?

188 1238 261 1292 non,
284 1223 323 1279 ut
345 1214 465 1300 opinor,
489 1214 611 1279 habent
633 1216 792 1279 rationem
815 1217 1024 1297 conciliandi3
1106 1284 1107 1287 ,

189 1319 245 1382 sed
267 1319 358 1404 quasi
380 1318 556 1403 naufragiis
579 1319 704 1403 magnis
726 1319 903 1404 multisque
926 1323 1040 1385 coortis

188 1423 355 1487 disiectare
378 1424 459 1488 solet
481 1446 637 1507 magnum
660 1446 749 1487 mare
772 1433 912 1506 transtra
934 1426 1078 1509 guberna
1159 1450 1185 1473 s·

188 1534 357 1591 antemnas
379 1549 506 1611 proram
529 1527 630 1590 malos
653 1535 826 1611 tonsasque
848 1528 1001 1605 natantis

188 1652 246 1714 per
267 1639 425 1695 terrarum
448 1630 552 1694 ornnis
575 1653 645 1694 oras
667 1631 833 1696 fluitantia
854 1632 1000 1718 aplustra

185 1741 226 1800 ,ut
248 1733 422 1798 videantur
443 1743 478 1798 et
499 1733 653 1798 indicium
678 1737 867 1800 mortalibus
890 1738 998 1813 edant,

188 1837 280 1901 infidi
304 1838 401 1901 maris
423 1837 557 1901 insidias
579 1837 720 1922 virisque
743 1839 919 1924 dolumque

188 1951 227 2006 ut
249 1943 351 2006 vitare
373 1942 484 2018 velint,
506 1965 589 2006 neve
611 1942 678 2006 ullo
700 1951 846 2028 tempore
869 1944 1011 2021 credant,

188 2043 322 2107 subdola
344 2066 418 2106 cum
440 2043 524 2107 ridet
546 2044 665 2128 placidi
686 2045 822 2128 pellacia
843 2046 944 2131 ponti,

188 2148 233 2212 sic
255 2147 318 2213 tibi
340 2147 368 2211 si
389 2148 483 2211 finita
505 2149 604 2212 semel
628 2149 804 2233 primordia
829 2151 987 2235 quaedam

188 2252 371 2329 constitues
394 2275 507 2316 aevom
529 2253 694 2317 debebunt
717 2276 826 2338 sparsa
848 2278 906 2340 per
928 2278 1057 2319 omnem

188 2356 356 2435 disiectare
379 2365 489 2421 aestus
510 2356 630 2420 diversi
651 2357 809 2432 materiai,

188 2482 367 2545 numquam
388 2459 423 2523 in
445 2460 616 2523 concilium
638 2468 677 2523 ut
699 2462 823 2545 possint
844 2462 1010 2547 compulsa
1031 2463 1115 2526 coire

188 2592 247 2634 nec
269 2569 421 2635 remorari
443 2570 478 2633 in
501 2570 634 2634 concilio
657 2593 716 2634 nec
739 2593 877 2635 crescere
900 2573 1054 2651 adaucta;

188 2682 325 2760 quorum
348 2683 523 2759 utrumque
546 2674 654 2758 palam
679 2672 749 2737 fieri
772 2674 944 2738 manifesta
966 2676 1060 2739 docet
1082 2698 1141 2752 ree,

189 2788 223 2842 et
248 2801 298 2842 res
321 2779 469 2864 progigni
491 2787 525 2842 et
546 2779 673 2863 genitas
695 2801 894 2863 procrescere
916 2803 1015 2864 posse.

188 2906 257 2947 esse
280 2884 381 2968 igitur
403 2906 520 2968 genere
543 2884 584 2972 in·
600 2884 712 2968 quovis
734 2885 908 2968 primordia
931 2907 1038 2949 rerum

188 2988 318 3053 infinita
338 2989 447 3073 palam
470 2996 519 3051 est
541 2987 628 3051 unde
651 2988 759 3052 omnia
781 2986 1038 3073 suppeditantur.

232 3092 302 3155 Nec
326 3113 476 3175 superare
499 3101 625 3175 queunt
647 3098 755 3154 motus
777 3091 889 3175 itaque
912 3092 1059 3156 exitiales

187 3205 343 3280 perpetuo
365 3217 470 3279 neque
492 3194 527 3256 in
549 3202 719 3259 aeternum
741 3196 876 3279 sepelire
899 3198 1066 3274 salutem'

188 3322 247 3363 nec
269 3321 361 3384 porro
384 3321 493 3363 rerum
515 3298 673 3382 genitales
696 3298 902 3384 auctificique

187 3410 294 3466 motus
315 3410 472 3487 perpetuo
494 3410 630 3486 possunt
652 3424 777 3466 servare
800 3410 915 3467 creata.

188 3506 233 3569 sic
254 3528 356 3590 aequo
378 3505 502 3589 geritur
524 3505 699 3568 certamine
722 3505 952 3590 principiorum

188 3631 228 3671 ex
250 3609 378 3672 infinito
400 3616 599 3672 contractum
622 3616 767 3691 tempore
789 3608 934 3673 bellurn:

188 3733 273 3774 nunc
295 3710 349 3774 hic
370 3733 457 3774 nunc
479 3709 545 3774 illic
568 3721 723 3794 superant
745 3709 859 3774 vitalia
880 3734 988 3775 rerum
1247 3729 1306 3798 575

101 3869 136 3915 rit
152 3868 182 3915 ia
197 3867 252 3915 orbi
268 3865 291 3914 B
308 3880 373 3915 corr.
413 3881 464 3914 noa
478 3869 513 3915 sit
530 3868 558 3915 ia
575 3867 631 3915 orbe
654 3864 725 3914 Nico.
742 3865 812 3916 Flor.
831 3867 863 3914 31
881 3865 971 3915 camb.
989 3866 1061 3915 Mon.
1078 3867 1169 3928 vulgo:
1198 3869 1311 3933 perhaps

101 3946 206 4010 rightly.
304 3947 352 3998 547
375 3963 470 3996 samam
494 3950 537 3997 hoc
560 3963 655 4011 qaoque
677 3950 717 3996 ati
733 3947 783 3998 Ed.
803 3948 843 3996 for
860 3947 904 3997 the
920 3948 1093 4011 meaningless
1110 3959 1209 4000 sumant
1225 3956 1309 4003 oculi:

101 4044 185 4091 comp.
197 4027 253 4079 541.
287 4032 310 4078 si
321 4031 474 4079 manticula
484 4031 564 4081 Lech.
579 4031 718 4093 strangely.
752 4031 827 4081 Wnk.
839 4031 899 4079 tells
916 4047 947 4080 us
963 4031 1023 4080 that
1039 4032 1124 4081 Bentl.
1137 4034 1249 4084 obelised
1265 4035 1310 4085 the

101 4112 184 4161 words
190 4132 198 4174 ;
216 4111 269 4162 and
285 4112 306 4161 it
322 4113 345 4161 is
363 4117 466 4175 strange
483 4113 541 4163 that
558 4115 594 4163 all
610 4113 707 4162 editors
723 4114 809 4162 before
825 4113 910 4172 Walu,
924 4128 987 4162 even
999 4113 1074 4163 Junt.
1086 4114 1138 4163 and
1149 4116 1250 4176 Lama,
1262 4119 1310 4168 left

101 4193 174 4243 thern
192 4193 345 4243 unnoticed:
363 4195 438 4244 Wak.
459 4194 526 4257 conj.
545 4203 645 4244 ratmont
663 4197 732 4245 oller'.
831 4196 880 4244 553
895 4197 1007 4257 guberna
1023 4195 1114 4246 Lamb.
1132 4197 1172 4246 for
1189 4213 1305 4252 caverna

101 4279 202 4326 carinas
214 4276 283 4326 Nico.
369 4278 416 4326 555
433 4279 550 4338 aplustra
560 4275 675 4325 Politian
687 4276 752 4324 Mar.
764 4276 836 4325 runt.
853 4275 893 4324 lor
900 4276 1021 4338 plaustra
1030 4277 1061 4338 A,
1071 4279 1190 4339 plaustra
1201 4280 1224 4328 B
1236 4280 1308 4331 Nico.

102 4359 190 4408 Camb.
291 4360 338 4408 560
349 4362 371 4406 si
377 4360 457 4421 finito
468 4359 489 4408 B
501 4373 563 4409 corr.
579 4358 636 4406 Ver.
649 4358 713 4407 Ven.
725 4358 789 4407 Mar.
802 4359 842 4406 for
855 4361 879 4406 si
890 4360 1000 4422 infinita.
