2842 4860
155 264 215 341 158

240 425 295 489 sed
318 425 396 490 dum
418 426 510 490 abest
533 425 617 511 quod
641 448 782 502 avemuS,
803 425 838 488 id
862 446 1053 510 exsuperare
1068 424 1197 489 videtur

240 539 364 611 cetere;
395 539 469 616 post
491 531 582 608 aliut,
609 554 683 595 cum
708 531 844 614 contigit
867 530 956 607 illud,
981 552 1113 594 avemus

240 643 273 698 et
296 635 366 700 sitis
388 658 494 719 aequa
514 643 607 700 tenet
628 635 709 700 vitai
731 657 857 719 semper
879 633 1007 698 hiantis.

240 747 431 825 posteraque
454 740 488 803 in
511 739 642 804 dubiost
664 741 827 804 fortunam
850 761 948 824 quam
970 738 1069 802 vehat
1092 744 1191 814 aetem,
1279 741 1361 818 1085

240 841 358 926 quidve
381 844 464 907 ferat
484 843 577 906 nobis
599 865 690 906 casus
712 842 808 927 quive
831 842 937 906 exitus
960 841 1068 907 instet.

240 968 300 1010 nee
321 967 467 1031 prorsum
489 945 591 1009 vitem
613 945 759 1009 ducendo
781 945 941 1009 demimus
962 945 1067 1008 hilum

241 1056 385 1133 tempore
407 1047 447 1111 de
470 1047 582 1112 mortis
604 1070 664 1112 nec
686 1047 828 1112 delibare
850 1049 1004 1126 valemuS,

242 1175 306 1237 quo
329 1151 436 1215 minus
459 1172 527 1215 esse
550 1151 607 1215 diu
629 1151 788 1235 possimus
809 1151 892 1215 sorte
913 1151 1083 1236 perempti.

242 1255 375 1339 proinde
398 1255 475 1320 licet
497 1255 647 1340 quotvis
669 1255 806 1319 vivendo
829 1256 964 1320 condere
986 1255 1109 1335 saecla3
1280 1274 1367 1338 1090

243 1381 328 1423 mors
350 1366 481 1423 aeterna
502 1368 615 1423 tamen
636 1359 703 1423 nilo
726 1359 833 1423 minus
855 1359 912 1424 illa
934 1357 1089 1434 manebit,

243 1484 302 1527 nec
324 1463 431 1528 minus
454 1463 508 1527 ille
532 1463 588 1528 diu
610 1463 677 1527 iem
699 1486 764 1527 non
788 1463 856 1539 erit,
881 1485 921 1527 ex
944 1461 1100 1526 hodierno

241 1565 363 1630 lumine
385 1566 442 1651 qui
463 1565 562 1631 finem
583 1567 664 1632 vitai
686 1567 771 1644 feeit,
795 1576 828 1632 et
850 1566 914 1642 ille,

244 1671 408 1735 mensibus
429 1679 529 1756 atque
551 1671 644 1734 annis
667 1670 724 1755 qui
745 1671 858 1735 multis
881 1669 997 1734 occidit
1020 1677 1106 1734 ente.

155 1857 242 1906 before
252 1856 343 1905 Lemb.
356 1855 396 1904 for
408 1858 480 1905 Certe
491 1859 617 1918 equidem:
635 1856 711 1907 Luer.
725 1871 786 1918 may
797 1855 861 1904 have
872 1855 975 1903 written
986 1855 1108 1916 equidem.
1232 1855 1297 1904 1085
1309 1858 1368 1919 sor·

157 1944 245 1986 terem
262 1934 320 1987 Ald.
341 1936 356 1984 1
376 1935 450 1987 Junt.
473 1936 531 1984 first
548 1936 589 1984 for
603 1938 720 2000 fortene.
828 1935 892 1984 1088
914 1937 1026 1984 delibare
1044 1935 1120 1986 Pont.
1143 1935 1209 1984 Mer.
1228 1935 1304 1986 Junt.
1325 1937 1368 1988 for

157 2018 304 2067 deliberare.
339 2018 463 2066 delimare
473 2017 570 2066 Arane.
581 2017 673 2068 Lamb.
709 2016 882 2076 ‘f.devitare‚’
898 2017 1090 2069 Heins.inme.
1104 2021 1188 2067 notes.

191 2098 255 2149 1089
268 2099 390 2161 possimus
402 2099 471 2162 sorte
487 2097 558 2151 Nico.
575 2098 597 2146 B
614 2109 680 2148 corr.
697 2098 765 2148 Flor.
786 2099 816 2147 31
835 2098 924 2149 Oemb.
940 2097 1011 2147 Brix.
1027 2097 1086 2147 Ver.
1102 2099 1167 2148 Ven.
1179 2098 1220 2147 for
1232 2115 1367 2163 possumne

151 2181 230 2245 sorte.
280 2187 345 2229 rorte
364 2179 422 2232 Ald.
444 2181 458 2229 1
478 2180 541 2231 Pius
566 2180 640 2231 Junt.
666 2179 818 2243 Naugerius.
871 2187 948 2231 morte
970 2181 1062 2231 Lemb.
1084 2180 1159 2232 first:
1183 2195 1219 2232 no
1250 2183 1367 2233 ‘Italus'

155 2265 240 2316 before
258 2261 324 2312 him.
