2842 4860
752 256 782 320 V

251 417 384 481 forsitan
406 425 441 482 et
462 440 553 482 rosea
574 419 620 482 sol
643 420 709 483 alte
731 419 880 504 lampade
902 420 1013 484 lucens

249 521 412 607 possideat
434 523 575 586 multum
598 524 699 587 caecis
722 524 899 588 fervoribus
920 524 1030 611 ignem
1082 561 1083 564 ¹

250 626 370 691 circum
393 650 435 704 se,
457 628 547 691 nullo
569 628 626 712 qui
648 629 691 692 sit
714 629 837 715 fulgore
859 638 1000 706 notatus,

250 731 381 795 aestifer
402 738 440 794 ut
463 738 593 795 tantum
615 731 776 795 radiorum
800 742 959 819 exaugeat
981 733 1091 798 ictum.

294 836 366 900 Nec
388 835 470 899 ratio
493 836 567 900 solis
590 835 727 921 simplex
749 846 778 902 et
800 844 888 901 certa
909 837 1056 922 patescit,

252 959 315 1023 quo
337 946 432 1023 pacto
455 938 586 1002 aestivis
608 961 626 1002 e
648 939 795 1023 partibus
817 940 1013 1025 aegocerotis

250 1040 405 1105 brumalis
426 1042 523 1105 adeat
546 1042 648 1106 flexus
671 1050 769 1127 atque
791 1043 867 1106 inde
889 1051 1053 1107 revertens

251 1143 356 1207 cancri
378 1167 412 1208 se
434 1152 473 1207 ut
495 1151 602 1208 vertat
624 1152 728 1208 metas
750 1145 792 1208 ad
814 1145 1000 1222 solstitialis,

251 1246 392 1332 lunaque
415 1247 579 1310 mensibus
601 1247 635 1311 id
657 1247 800 1333 spatium
822 1247 971 1312 videatur
993 1249 1090 1326 obire,

251 1374 360 1415 annua
381 1352 428 1415 sol
449 1351 484 1415 in
507 1374 571 1436 quo
593 1351 754 1416 consumit
776 1360 923 1437 tempora
944 1375 1046 1417 cursu.

250 1476 324 1532 non,
345 1454 487 1540 inquam,
510 1455 646 1540 simplex
669 1455 719 1519 his
741 1454 837 1519 rebus
859 1455 986 1519 reddita
1008 1463 1142 1520 causast

251 1581 327 1623 nam
349 1559 419 1623 fieri
441 1561 492 1625 vel
515 1583 589 1624 cum
611 1560 724 1645 primis
746 1560 780 1624 id
802 1583 894 1645 posse
916 1560 1053 1638 videtur,

251 1661 430 1726 Democriti
452 1663 538 1748 quod
560 1671 672 1727 sancta
693 1663 754 1727 viri
776 1663 939 1727 sententia
960 1664 1061 1748 ponit,

251 1775 373 1851 quanto
396 1790 542 1853 quaeque
564 1768 668 1854 magis
690 1768 756 1832 sint
778 1777 897 1832 terram
920 1768 1024 1833 sidera
1045 1776 1184 1854 propter,

251 1878 344 1934 tanto
366 1893 457 1956 posse
480 1871 588 1934 minus
610 1894 685 1935 cum
707 1872 788 1936 caeli
810 1872 940 1936 turbine
964 1872 1045 1936 feni.

251 1996 439 2038 evanescere
462 1975 549 2038 enim
571 1975 699 2060 rapidas
721 1976 809 2039 illius
831 1984 865 2039 et
886 1977 967 2040 acris

219 2109 220 2112 ¹
250 2076 401 2141 imminui
423 2086 535 2163 supter
556 2078 641 2155 viris,
663 2078 799 2164 ideoque
821 2080 961 2165 relinqui

250 2183 408 2266 paulatim
431 2183 531 2246 solem
554 2206 627 2246 cum
650 2183 871 2268 posterioribu’
894 2185 1002 2270 signis,

250 2282 380 2347 inferior
401 2285 506 2348 multo
529 2285 614 2369 quod
636 2285 679 2350 sit
703 2308 800 2370 quam
823 2286 945 2350 fervida
967 2287 1066 2372 signa.

249 2397 284 2452 et
306 2390 410 2476 magis
431 2390 491 2453 hoc
514 2391 644 2454 lunam:
677 2399 798 2475 quanto
819 2391 987 2455 demissior
1009 2392 1078 2456 eius

249 2513 360 2555 cursus
382 2491 474 2555 abest
496 2492 606 2576 procul
629 2514 649 2555 a
671 2493 758 2555 caelo
781 2492 938 2578 terrisque
960 2494 1164 2579 propinquat,

249 2602 342 2658 tanto
364 2617 455 2679 posse
478 2595 585 2658 minus
608 2618 681 2658 curn
704 2595 804 2680 signis
826 2597 958 2660 tendere
980 2620 1117 2662 cursum.

249 2698 427 2763 flaccidiore
451 2698 572 2762 etenim
596 2706 717 2782 quanto
739 2699 804 2762 iam
827 2699 957 2763 turbine
979 2701 1082 2764 fertur

249 2801 379 2865 inferior
401 2824 498 2886 quam
520 2801 575 2877 sol,
598 2808 691 2864 tanto
713 2801 816 2886 magis
839 2803 947 2866 omnia
968 2803 1061 2889 signa

249 2904 331 2967 hanc
354 2905 577 2988 adipiscuntur
599 2905 718 2968 circum
741 2913 931 2991 praeterque
954 2907 1108 2971 seruntur.

249 3016 420 3093 propterea
441 3009 479 3072 fit
502 3017 541 3072 ut
563 3009 643 3073 haec
665 3008 706 3072 ad
729 3009 858 3095 signum
882 3011 1030 3095 quodque
1052 3010 1171 3075 reverti

249 3113 401 3178 mobilius
422 3113 580 3191 videatur,
603 3114 644 3178 ad
666 3113 749 3177 hanc
773 3113 849 3198 quia
871 3113 963 3199 signa
985 3114 1136 3179 revisunt.

249 3220 288 3283 fit
310 3241 437 3305 quoque
460 3226 498 3282 ut
521 3242 539 3282 e
561 3218 676 3282 mundi
698 3219 887 3282 transversis
907 3219 1055 3304 partibus
1076 3244 1131 3285 aer

249 3322 382 3388 alternis
404 3331 491 3386 certo
514 3322 614 3386 fluere
637 3321 721 3386 alter
742 3330 887 3407 tempore
909 3324 1019 3408 possit,

249 3426 306 3512 qui
328 3433 427 3511 queat
449 3424 580 3489 aestivis
603 3425 702 3489 solem
725 3424 897 3490 detrudere
920 3425 1020 3512 signis

248 3529 402 3594 brumalis
425 3550 527 3614 usque
549 3528 591 3592 ad
613 3528 716 3592 flexus
737 3528 947 3615 gelidumque
969 3529 1116 3616 rigorem,

248 3641 283 3698 et
305 3634 362 3720 qui
383 3634 495 3698 reiciat
517 3633 632 3720 gelidis
654 3656 674 3696 a
696 3632 822 3718 frigoris
843 3634 966 3698 umbris

161 3909 220 3961 Vat.
230 3910 290 3961 Ver.
299 3911 364 3960 Ven.
391 3912 502 3960 docendi
512 3911 582 3961 Flor.
595 3911 627 3960 31
639 3910 729 3961 (lamb.
739 3912 754 3959 3
763 3908 822 3959 Vat.
834 3907 905 3958 Brix.
915 3908 991 3959 Pont.
1003 3905 1101 3957 Arane.
1112 3907 1223 3969 Nauger.
1253 3909 1375 3972 Accipere

163 3993 229 4042 Mar.
241 3993 315 4042 Junt.
326 3990 431 4042 lamb:
449 4008 491 4042 see
502 4008 524 4041 11
536 3995 608 4043 1025.
708 3993 756 4042 610
773 3998 805 4041 et.
839 3989 943 4040 eLach.
954 3989 1013 4040 who
1024 3989 1077 4038 will
1087 4004 1165 4039 never
1175 3989 1287 4041 tolerate
1298 3998 1324 4042 et
1335 3991 1376 4041 lor

162 4076 247 4123 etiam.
345 4074 393 4123 613
410 4076 521 4137 dentifer
531 4084 560 4124 ut
572 4082 670 4124 tuntum
680 4074 749 4123 Flor.
764 4069 1241 4132 313Vat.Mar.Junt.forAertisert
1256 4078 1376 4122 atomum

161 4153 191 4216 B,
205 4161 312 4204 utantur
327 4153 350 4202 A
366 4155 437 4203 Nice.
471 4156 623 4220 aestiferum
641 4162 670 4204 ut
688 4161 786 4204 tantum
803 4153 901 4203 Arane.
916 4150 1010 4200 Lamb.
1022 4153 1071 4200 etc.
1104 4152 1256 4214 Antistium
1274 4159 1376 4206 matun

162 4235 273 4297 Nauger.
371 4234 420 4285 614
436 4237 540 4299 simplex
555 4243 580 4285 et
595 4242 664 4284 certo
678 4232 728 4283 ud.
741 4233 898 4297 forsimplea
911 4241 986 4283 rectu.
1022 4233 1264 4296 amplexaremur
1277 4235 1374 4294 hamb.

160 4318 266 4379 simplex
276 4324 322 4365 aut
332 4325 401 4367 rectu
412 4316 481 4368 Flor.
491 4318 523 4366 31
536 4314 623 4366 Gamb.
637 4315 723 4365 uvat.
757 4323 867 4365 arrecta
877 4329 907 4365 or
918 4322 942 4365 et
953 4321 1022 4364 recta
1032 4313 1128 4365 others.
1159 4316 1377 4380 nmmum

160 4398 239 4451 Laoh.
255 4399 352 4450 recturo
367 4399 442 4450 Bern.
540 4399 589 4449 617
608 4395 879 4448 commonemur
892 4398 1019 4446 caraem.
1118 4395 1166 4447 682
1181 4398 1374 4459 eunium
