2842 4860
168 241 230 308 170
744 227 793 291 IV

250 389 308 454 fiet
330 389 386 467 ita,
407 399 484 454 ante
507 389 618 454 oculus
640 389 738 454 fuerit
761 391 818 475 qui
841 391 963 470 dexter,
984 402 1023 458 nt
1045 393 1132 459 idem
1312 411 1375 478 300

166 508 226 576 325
250 516 337 557 nunc
359 492 402 557 sit
424 493 543 570 laevus,
565 502 599 557 et
621 515 640 558 e
663 492 753 557 laevo
775 493 818 558 sit
841 504 957 560 mutua
978 497 1101 563 dext-er.

250 598 289 662 fit
310 620 438 684 quoque
461 597 501 661 (10
524 597 653 682 speculo
674 597 710 660 in
732 598 899 682 speculum
921 608 960 664 ut
982 601 1131 665 tradatur
1151 599 1270 687 imago,
1331 584 1334 587 ,

250 701 393 786 quinque
416 700 516 766 etiam
539 717 629 766 sexve
651 710 690 765 ut
711 701 783 766 fieri
803 702 975 768 simulacra
996 705 1129 771 suerint.

249 829 325 869 nam
348 829 569 892 quaecumque
592 813 677 870 retro
699 814 791 891 parte
814 806 965 872 interiore
988 808 1147 886 latebunt,

249 909 325 974 inde
348 917 468 985 tamen,
489 908 637 995 quamvis
658 917 743 973 torte
766 909 961 995 penitusque
983 920 1117 989 remota,
1312 928 1371 994 305

165 1031 228 1096 330
250 1013 358 1078 omnia
378 1036 438 1098 per
458 1013 558 1078 flexos
578 1013 687 1078 aditus
708 1013 826 1078 educta
848 1014 959 1079 licebit

249 1115 397 1201 pluribus
418 1115 498 1180 haec
520 1114 658 1200 speculis
680 1114 852 1180 videantur
873 1116 908 1180 10
930 1118 1065 1182 aedibus
1087 1141 1165 1185 esse.

249 1242 351 1305 usque
373 1219 453 1284 adeo
475 1218 604 1305 speculo
626 1218 661 1282 in
683 1220 850 1304 speculum
871 1222 1049 1287 translucet
1070 1223 1187 1310 image,

250 1331 285 1387 et
306 1345 380 1386 cum
403 1323 495 1386 laeva
516 1322 594 1386 data
615 1330 674 1399 est,
695 1323 735 1386 fit
755 1345 868 1387 rusum
890 1333 929 1388 ut
951 1325 1085 1390 dextera
1106 1324 1174 1404 fiat,

247 1427 323 1492 10(10
345 1435 430 1491 retro
452 1448 579 1490 rursum
601 1425 686 1490 redit
707 1434 742 1489 et
764 1427 963 1491 convertitur
984 1429 1106 1493 eodem.

162 1546 222 1615 335
247 1529 447 1616 quinetiam
469 1550 690 1614 quaecumque
713 1529 873 1593 latuscula
893 1540 970 1595 sunt
992 1531 1195 1616 speculorum

249 1633 390 1698 adsimili
411 1631 521 1696 lateris
542 1632 665 1696 flexura
685 1631 834 1717 praedita
854 1633 964 1710 nostri,

250 1738 384 1802 dextera
405 1757 444 1799 ea
465 1743 596 1819 propter
620 1734 713 1798 nobis
734 1733 905 1799 simulacra
926 1736 1110 1814 remittunt,

248 1847 307 1902 aut
329 1837 467 1922 quiade
489 1837 618 1921 speculo
640 1836 675 1900 in
697 1837 863 1922 speculum
885 1840 1078 1903 transfertur
1099 1839 1226 1927 imago,¹

249 1942 324 2007 inde
347 1941 389 2004 ad
410 1962 467 2004 nos
489 1939 568 2004 elisa
588 1939 639 2003 bis
660 1940 798 2018 advolat,
819 1949 878 2005 aut
900 1941 1000 2005 etiam
1023 1943 1110 2027 quod

165 2064 228 2128 340
250 2045 369 2110 circum
392 2044 509 2132 agitur,
531 2068 604 2109 cum
627 2044 726 2122 veuit,
748 2045 855 2132 imago
876 2054 1047 2132 propterea
1068 2047 1155 2133 quod

249 2153 335 2217 flexa
355 2152 461 2239 figura
482 2154 575 2218 docet
597 2152 720 2238 speculi
741 2153 921 2217 convertier
941 2153 983 2217 ad
1005 2177 1071 2220 uos.

248 2256 420 2343 indugredi
441 2278 533 2341 porro
555 2255 677 2341 pariter
698 2255 868 2320 simulacra
889 2257 1069 2343 pedemque

249 2384 367 2447 ponere
389 2361 555 2425 nobiscum
578 2360 688 2424 credas
708 2369 901 2446 gestumque
923 2361 1046 2426 imitari

250 2474 420 2551 propterea
441 2463 526 2549 quia,
548 2463 588 2527 (10
611 2463 733 2547 speculi
755 2486 820 2548 qua
840 2471 933 2550 parte
955 2464 1092 2543 recedas,

164 2583 224 2650 345
250 2568 402 2633 contiuuo
424 2577 592 2653 nequeunt
613 2567 702 2632 illinc
724 2568 895 2632 simulacra
916 2568 1053 2649 reverti3

250 2673 358 2738 omnia
379 2669 638 2756 quandoquidem
661 2670 748 2757 cogit
769 2679 887 2735 natura
908 2670 1019 2735 referri

250 2801 287 2842 ac
309 2775 430 2840 resilire
452 2775 494 2839 ab
516 2774 612 2838 rebus
634 2774 816 2859 adaeques
838 2774 966 2838 reddita
987 2775 1097 2839 flexus.

165 2902 228 2968 299
296 2880 473 2967 Splendida
494 2903 587 2965 porro
609 2879 693 2944 oculi
715 2879 859 2966 fugitant
880 2879 1050 2965 vitantque
1073 2879 1166 2944 tueri.

250 2986 296 3050 sol
319 2985 418 3049 etiam
444 2992 562 3060 caecat,
584 2990 695 3047 contra
716 2982 744 3047 si
766 2983 899 3048 tendere
921 3005 1045 3070 pergas,

158 3113 161 3120 ·
249 3099 420 3177 propterea
441 3089 518 3175 quia
539 3089 587 3153 vis
608 3097 757 3174 magnast
779 3087 881 3173 ipsius
903 3095 936 3152 et
959 3088 1024 3152 alte

250 3217 325 3259 aera
345 3217 404 3280 per
424 3216 542 3279 purum
564 3192 706 3279 graviter
727 3192 897 3257 simulacra
919 3194 1068 3256 feruntur

250 3306 285 3363 et
306 3298 427 3362 feriunt
449 3297 556 3362 oculos
578 3296 745 3361 turbantia
766 3295 1005 3381 compositurus.
1038 3336 1040 3341 -

250 3410 418 3487 praeterea
439 3400 589 3486 splendor
610 3399 804 3485 quicumque
827 3408 877 3463 est
899 3421 971 3463 acer
992 3397 1101 3463 adurit

166 3520 226 3589 305
251 3527 345 3590 saepe
368 3504 475 3568 000100
496 3503 569 3567 ideo
592 3502 678 3588 quod
699 3502 823 3566 semina
844 3500 986 3587 possidet
1008 3501 1094 3588 ignis
1311 3522 1376 3586 330

251 3608 364 3685 multa,
386 3607 526 3672 dolorem
549 3607 649 3671 oculis
670 3629 752 3692 quae
774 3605 915 3693 gignunt
936 3605 1137 3671 insinuando.

165 3804 279 3856 Politian
291 3804 452 3867 apparently,
466 3803 519 3852 and
535 3802 600 3853 Mar.
620 3802 676 3864 give
693 3801 738 3851 tlre
755 3817 826 3852 samo
842 3802 917 3851 order
932 3816 962 3851 as
977 3802 1022 3852 the
1033 3802 1106 3852 Junt.
1119 3801 1169 3851 viz.
1182 3804 1231 3854 298
1243 3804 1376 3855 aaa-325

164 3888 294 3940 aee-322
306 3886 435 3936 urs-352
447 3884 715 3934 326-341353-363
726 3886 855 3936 342-347
867 3885 916 3934 364
927 3885 956 3933 of
965 3883 1009 3933 the
1021 3899 1069 3934 ms.
1084 3884 1166 3941 order,
1178 3899 1208 3933 or
1215 3884 1274 3935 that
1282 3901 1318 3935 on
1330 3886 1376 3936 the

163 3971 210 4021 left
222 3969 250 4019 of
259 3983 304 4031 my
314 3967 422 4017 edition.
521 3967 569 4018 299
581 3975 605 4016 et
617 3967 812 4016 0100οΒ000.
824 3967 893 4015 Flor.
905 3968 936 4016 31
948 3966 1039 4016 camb.
1051 3967 1092 4015 for
1103 3974 1128 4015 et
1140 3968 1222 4018 lisam.
1323 3970 1374 4020 300

164 4048 443 4109 succurrebant
456 4049 682 4098 forFr‘etutcnte.
716 4050 775 4097 Fiet
786 4051 889 4098 ut...hic
900 4050 966 4097 idem
977 4048 1042 4096 Mar.
1054 4047 1226 4098 Aldllunt.
1326 4052 1376 4101 303

164 4149 237 4184 cerae
249 4133 313 4183 Mar.
327 4133 400 4182 Junt.
412 4131 452 4180 for
462 4146 514 4180 uec.
548 4138 594 4179 aut
606 4146 649 4180 aec
659 4129 740 4179 Lach.
883 4130 930 4178 304
942 4132 1056 4179 latebunt
1067 4130 1134 4179 Mar.
1147 4129 1204 4180 Aru.
1219 4131 1233 4179 1
1246 4131 1322 4182 Junt.
1335 4134 1377 4183 for

164 4219 262 4267 latebit.
396 4214 444 4262 310
458 4215 612 4262 convertitur
625 4211 705 4262 Lach.
723 4212 764 4260 for
778 4214 917 4262 convertit:
935 4225 976 4260 see
989 4213 1037 4262 295
1049 4211 1103 4260 and
1113 4212 1171 4262 317.
1204 4219 1342 4263 retrorsum
1352 4215 1376 4264 Δ

164 4314 229 4350 corr.
244 4299 266 4347 B
277 4296 318 4347 for
328 4303 395 4346 retro
405 4310 503 4345 rursum
514 4293 561 4344 has
573 4294 666 4344 caused
677 4293 756 4342 much
764 4293 900 4343 confusion
910 4292 938 4342 10
948 4292 992 4342 old
1000 4293 1054 4341 eds.
1131 4294 1180 4342 318
1187 4309 1265 4356 porro
1273 4299 1377 4358 pariter

165 4379 268 4430 ANioc.
283 4378 351 4428 Flor.
364 4378 394 4427 31
409 4376 497 4426 Camb.
510 4379 557 4425 etc.
588 4375 895 4438 paritrrporroB.Mon.
991 4375 1182 4437 321nequeuut.
1218 4379 1375 4439 nequeam
