2842 4860
681 251 732 318 Π
753 269 755 273 ,

185 438 268 502 quae
290 415 412 481 feriunt
434 415 597 481 oculorum
619 415 704 482 acies
726 415 895 504 visumque
917 417 1087 485 lacessunt.

185 520 384 586 errabundus
407 520 494 586 enim
516 521 608 586 tarde
631 521 722 586 venit
744 546 781 587 ac
803 523 889 608 perit
911 531 988 590 ante

184 623 343 708 paulatim
366 623 467 688 facilis
489 623 662 688 distractus
683 624 718 689 in
740 625 823 690 aeris
845 648 939 691 auras
950 650 958 707 ;

184 748 224 790 ex
246 725 312 790 alto
334 725 476 811 primum
499 725 576 811 quia
597 726 651 790 vix
674 727 839 792 emittitur
860 751 900 793 ex
923 752 974 795 re:

183 852 260 893 nam
282 829 413 915 penitus
435 829 535 894 fluere
557 838 656 916 atque
678 831 827 897 recedere
848 833 945 898 rebus
967 833 1078 899 odores

184 933 346 1021 significat
368 934 454 1020 quod
476 935 578 999 fracta
599 935 703 1022 magis
724 937 867 1002 redolere
890 937 1044 1003 videntur

185 1037 300 1116 omnia,
323 1037 409 1123 quod
431 1037 578 1117 contrita,
600 1040 687 1125 quod
708 1039 778 1128 igni
800 1041 1040 1107 conlabefacta:

185 1139 301 1205 deinde
324 1139 432 1205 videre
455 1140 532 1206 licet
554 1141 729 1207 maioribus
751 1166 819 1208 esse
842 1151 988 1209 creatum

185 1245 351 1332 principiis
373 1269 471 1332 quam
493 1270 563 1326 vox,
586 1248 737 1334 quoniam
760 1272 818 1335 per
839 1272 936 1314 saxea
957 1256 1070 1335 saepta

184 1371 249 1416 non
270 1359 430 1438 penetrat,
453 1375 518 1438 qua
538 1377 600 1418 vox
622 1354 715 1441 volgo
738 1354 925 1441 sonitusque
947 1354 1103 1419 feruntur.

186 1476 283 1541 quare
306 1455 406 1520 etiam
429 1457 515 1542 quod
536 1457 603 1522 olet
624 1481 689 1523 non
711 1465 779 1523 tam
802 1458 895 1523 facilc
917 1480 986 1524 esse
1008 1456 1133 1523 videbis

185 1557 379 1647 investigare
401 1560 436 1625 in
459 1561 588 1647 quasit
610 1561 740 1649 regione
763 1563 921 1642 locatum3

185 1663 363 1751 refrigescit
385 1663 472 1728 enirn
495 1664 675 1729 cunctando
697 1665 795 1752 plaga
815 1687 874 1750 per
895 1686 989 1729 auras

185 1788 245 1832 nec
266 1767 370 1832 calida
390 1767 432 1831 ad
454 1790 584 1832 sensum
606 1767 781 1833 decurrunt
803 1767 921 1833 nuntia
941 1790 1057 1834 rerum.

186 1879 294 1935 errant
316 1893 411 1957 saepe
434 1894 529 1936 canes
550 1872 661 1957 itaque
684 1880 719 1937 et
741 1872 878 1959 vestigia
900 1877 1068 1958 quaerunt.

231 1974 315 2058 [Nec
337 1982 448 2039 tamen
470 1974 530 2039 hoc
551 1974 625 2039 solis
647 1974 682 2038 in
704 1974 854 2040 odoribus
875 1982 974 2060 atque
996 1995 1146 2059 saporum

185 2077 220 2142 in
241 2087 400 2165 generest,
423 2078 479 2143 sed
501 2078 582 2143 item
604 2079 726 2164 species
748 2101 856 2144 rerum
878 2086 977 2164 atque
1000 2078 1118 2142 colores

185 2205 249 2247 non
271 2183 320 2248 ita
341 2183 537 2248 conveniunt
559 2183 734 2247 adsensus
756 2182 905 2247 omnibus
927 2204 1046 2261 omnes,

184 2295 310 2352 utnon
332 2288 404 2363 sint
420 2287 492 2351 aliis
514 2286 673 2373 quaedam
695 2287 799 2375 magis
821 2287 907 2351 acria
928 2287 1008 2352 visu.

183 2393 262 2479 quin
284 2393 384 2458 etiarn
405 2392 537 2479 gallum,
559 2399 687 2456 noctem
710 2391 981 2476 explaudentibus
1003 2389 1063 2455 adis

183 2520 330 2562 auroram
352 2498 437 2562 clara
459 2505 649 2562 consuetum
671 2519 747 2561 voce
770 2519 890 2574 vocare,

184 2625 290 2666 noenu
314 2609 438 2687 queunt
460 2600 565 2665 rabidi
587 2608 699 2665 contra
721 2607 866 2665 constare
888 2600 997 2664 leones

183 2705 281 2792 inque
304 2704 407 2770 tueri:
435 2704 485 2769 ita
506 2704 658 2769 continuo
681 2704 856 2769 meminere
879 2704 976 2791 fugai,

183 2809 337 2874 nimirum
360 2809 437 2896 quia
459 2816 536 2873 sunt
557 2809 716 2896 gallorum
738 2808 773 2873 in
796 2831 924 2894 corpore
948 2807 1106 2894 quaedam

183 2915 314 2994 semina,
337 2938 419 3001 quae
442 2937 516 2979 cum
539 2921 616 2978 sunt
638 2914 739 2978 oculis
760 2913 895 2978 inmissa
915 2913 1055 2990 leonum,

183 3018 323 3104 pupillas
344 3018 558 3083 interfodiunt
580 3040 749 3104 acremque
772 3016 913 3082 dolorem

183 3121 350 3207 praebent,
372 3129 411 3185 ut
432 3127 597 3206 nequeant
619 3128 731 3185 contra
752 3119 867 3185 durare
890 3121 1028 3199 feroces3

185 3255 258 3297 cum
281 3240 392 3296 tamen
413 3232 493 3296 haec
515 3239 640 3296 nostras
662 3230 746 3295 acies
767 3229 814 3293 nil
837 3229 962 3294 laedere
985 3227 1117 3314 possint,

184 3344 242 3400 aut
264 3335 427 3422 quianon
448 3342 621 3420 penetrant
643 3340 702 3398 aut
725 3333 811 3419 quod
832 3332 1079 3418 penetrantibus
1100 3331 1165 3396 illis

184 3441 291 3505 exitus
313 3462 353 3504 ex
376 3439 475 3504 oculis
497 3439 579 3503 liber
602 3438 705 3515 datur,
727 3436 762 3501 in
784 3436 972 3501 remorando
1241 3452 1306 3520 720

183 3543 309 3608 laedere
331 3566 372 3607 ne
394 3542 518 3627 possint
540 3565 580 3606 ex
602 3541 670 3604 ulla
691 3539 815 3603 lumina
836 3539 953 3624 parta]

227 3648 325 3712 Nunc
347 3670 407 3735 age
430 3669 512 3733 quae
535 3651 686 3710 moveant
709 3645 854 3708 animum
876 3667 927 3708 res
949 3641 1066 3728 accipe,
1088 3650 1123 3707 et
1144 3641 1230 3707 unde

184 3775 266 3838 quae
289 3751 426 3816 veniunt
448 3750 581 3815 veniant
603 3749 638 3812 in
659 3755 804 3812 mentem
826 3745 954 3832 percipe
977 3745 1095 3831 paucis.

183 3855 340 3942 principio
362 3855 422 3919 hoc
444 3854 523 3931 dico,
545 3875 653 3917 rerum
675 3852 846 3916 simulacra
867 3849 977 3937 vagari

183 3961 289 4024 multa
310 3958 414 4022 modis
435 3956 549 4021 multis
570 3956 605 4019 in
628 3962 760 4019 cunctas
782 3953 925 4040 undique
948 3951 1049 4038 partis
1241 3966 1301 4036 725

183 4064 302 4143 tenvia,
325 4085 407 4149 quae
430 4061 523 4125 facile
545 4060 631 4124 inter
653 4082 686 4124 se
708 4058 890 4145 iunguntur
911 4057 946 4121 in
968 4055 1063 4135 auris,

182 4170 277 4236 obvia
298 4191 372 4235 cum
394 4167 539 4245 veniunt,
561 4173 600 4230 ut
622 4187 739 4229 aranea
759 4164 951 4248 bratteaque
973 4161 1052 4227 auri.

94 4329 169 4380 Dicit
179 4325 260 4378 Laoh.
273 4323 384 4375 without
395 4339 480 4376 ceum.
606 4324 654 4375 698
670 4328 781 4372 creatum
796 4321 861 4370 Mar.
873 4320 945 4372 Junt.
961 4321 1001 4369 for
1012 4326 1129 4370 uectum.
1256 4318 1304 4369 699

95 4424 240 4477 qucmvoae.
273 4406 495 4489 mamurra
506 4405 658 4471 perversely.
760 4405 807 4456 712
824 4401 1154 4464 rabidiWak.forropidi.
1256 4401 1304 4454 719
1409 4423 1410 4426 ¹
