2842 4860
277 258 288 343 3
723 245 760 308 ΙΙ

226 406 353 494 legibus
375 407 471 485 hisce,
494 429 532 472 ea
553 429 604 471 res
625 406 707 471 ratio
730 407 934 472 disterminat
956 407 1068 472 omnia

226 532 304 574 nam
326 510 429 575 veluti
450 513 521 576 tota
541 517 660 574 natura
681 509 851 574 dissimiles
873 519 951 576 sunt

226 612 313 678 inter
334 635 367 678 se
388 614 518 699 genitas
540 635 591 678 res
612 635 769 699 quaeque,
791 614 839 678 ita
861 637 1022 700 quamque
1045 622 1205 680 necessest

227 716 375 781 dissimili
397 726 544 784 constare
566 719 671 804 figura
692 718 944 803 principiorum;

227 841 291 882 non
313 840 377 903 quo
400 820 505 884 multa
526 841 641 904 parum
664 819 763 883 simili
785 820 851 884 sint
872 820 1019 904 praedita
1041 822 1152 898 forma,

226 922 281 987 sed
304 922 468 1007 quianon
490 923 585 1006 volgo
606 922 699 1007 paria
720 923 870 988 omnibus
892 924 1001 989 omnia
1023 933 1180 990 constant.

227 1026 350 1089 semina
372 1048 447 1090 cum
467 1049 561 1112 porro
584 1027 715 1103 distent,
737 1027 866 1092 differre
889 1037 1053 1094 necessust

227 1128 398 1193 intervalla
419 1129 488 1193 vias
510 1151 651 1193 conexus
673 1129 817 1213 pondera
838 1132 949 1216 plagas

227 1255 397 1298 concursus
419 1242 535 1310 motus,
558 1256 641 1319 quae
663 1257 728 1298 non
750 1236 904 1300 animalia
925 1237 1029 1300 solum

226 1360 356 1423 corpora
377 1337 561 1422 seiungunt,
582 1337 639 1401 sed
661 1344 762 1401 terras
783 1360 820 1402 ac
842 1361 930 1403 mare
954 1347 1060 1405 totum

228 1449 398 1505 secernunt
421 1441 609 1525 caelumque
631 1462 651 1503 a
673 1440 768 1504 terris
791 1463 885 1505 omne
909 1451 1082 1508 retentant.

271 1545 369 1608 Nunc
391 1566 450 1628 age
472 1543 559 1608 dicta
581 1565 653 1607 meo
676 1543 763 1607 dulci
786 1545 932 1630 quaesita
953 1546 1062 1611 labore

228 1648 364 1734 percipe,
386 1670 427 1712 ne
449 1649 531 1712 forte
553 1647 633 1712 haec
655 1647 737 1712 albis
760 1669 800 1711 ex
821 1648 895 1712 alba
916 1649 1014 1714 rearis

227 1752 393 1837 principiis
415 1774 493 1827 esse,
515 1760 591 1815 ante
614 1752 721 1816 oculos
744 1773 827 1837 quae
849 1752 985 1816 candida
1006 1753 1116 1831 cernis,

227 1864 285 1920 aut
307 1878 346 1920 ea
368 1877 451 1940 quae
473 1855 604 1939 nigrant
626 1854 718 1939 nigro
740 1854 781 1918 de
803 1854 925 1920 semine
947 1864 1040 1936 nata3

226 1960 301 2024 nive
324 1959 424 2023 alium
448 1959 595 2044 quemvis
616 1981 699 2044 quae
722 1966 799 2023 sunt
821 1958 937 2023 inbuta
958 1959 1104 2038 colorem,

225 2073 394 2149 propterea
415 2084 525 2148 gerere
547 2063 634 2127 hunc
658 2063 776 2140 credas,
799 2063 886 2149 quod
908 2065 1058 2129 materiai

227 2190 358 2254 corpora
379 2168 537 2233 consimili
560 2167 626 2232 sint
648 2167 718 2232 eius
741 2167 844 2232 tincta
865 2168 975 2234 colore.

225 2272 333 2335 nullus
355 2271 443 2336 enim
465 2272 549 2335 color
571 2279 621 2335 est
642 2270 774 2335 omnino
797 2271 945 2335 materiai
1158 2355 1160 2359 Ι

225 2375 417 2460 corporibus,
440 2397 545 2459 neque
567 2396 625 2459 par
646 2373 742 2437 rebus
763 2394 870 2459 neque
892 2374 1032 2459 denique
1055 2375 1169 2461 dispar.

226 2480 260 2543 in
282 2501 365 2565 quae
389 2500 520 2562 corpora
541 2477 569 2541 si
591 2478 699 2541 nullus
720 2477 783 2541 tibi
804 2478 886 2542 forte
908 2478 1038 2542 videtur

225 2606 316 2670 posse
339 2582 441 2647 animi
461 2582 599 2647 iniectus
623 2581 701 2659 fieri,
723 2583 834 2668 procul
855 2582 947 2647 avius
969 2603 1061 2648 erras.

225 2710 301 2751 nam
324 2709 397 2750 curn
420 2686 591 2770 caecigeni,
613 2686 688 2750 solis
710 2687 767 2771 qni
789 2685 914 2750 lumina
935 2708 1115 2772 numquam

226 2791 402 2876 disperare,
424 2797 535 2854 tamen
557 2798 750 2874 cognoscant
772 2811 904 2873 corpora
924 2797 1025 2867 tactu,

226 2917 266 2958 ex
288 2894 422 2957 ineunte
442 2915 523 2957 aevo
545 2893 634 2956 nullo
657 2893 827 2957 coniuncta
848 2893 960 2968 colore,

225 2998 304 3062 scire
326 2997 403 3061 licet
424 3005 552 3060 nostrae
575 3019 703 3082 quoque
725 2996 829 3060 menti
851 3017 983 3080 corpora
1004 3018 1096 3081 posse

225 3101 310 3165 vorti
331 3099 367 3163 in
388 3099 541 3164 notitiam
563 3099 653 3163 nullo
675 3099 857 3164 circumlita
878 3099 958 3163 fuco.
1279 3119 1341 3186 745

138 3316 167 3364 in
177 3329 203 3362 cc
213 3312 292 3364 Bern.
303 3310 388 3360 which
398 3312 412 3359 I
422 3311 495 3361 don't
506 3310 673 3362 understand.
709 3313 769 3361 iude
780 3311 891 3374 Brieger.
990 3315 1038 3365 719
1049 3316 1160 3378 Legibus
1172 3318 1345 3380 hisqucedcm

139 3399 206 3446 ratio
223 3397 381 3445 disterminat
397 3397 476 3444 omnis
492 3410 556 3443 mss.
589 3398 673 3444 omnic
683 3394 763 3444 Lach.
778 3395 846 3444 after
857 3395 929 3445 Junt.
945 3395 1013 3444 asin
1025 3412 1036 3444 1
1048 3398 1111 3448 1106
1124 3397 1234 3449 without
1252 3401 1344 3452 autho-

139 3478 202 3540 rity:
220 3481 303 3528 omnia
314 3479 328 3526 1
339 3477 420 3527 doubt
431 3481 478 3526 not
494 3492 579 3527 comes
597 3479 665 3526 from
681 3478 815 3538 Marullus,
830 3493 859 3527 as
870 3478 903 3526 he
914 3492 972 3526 uses
983 3477 1004 3527 it
1015 3477 1044 3527 in
1056 3478 1100 3527 the
1112 3495 1183 3529 same
1193 3497 1250 3545 way
1261 3482 1290 3531 iu
1301 3484 1344 3535 his

139 3559 222 3622 hymn
232 3562 260 3608 to
271 3558 345 3608 earth
355 3562 383 3608 at
398 3558 442 3608 the
455 3559 506 3607 end
524 3559 552 3607 of
569 3574 585 3608 a
601 3573 709 3621 passage
721 3559 807 3621 partly
818 3558 912 3621 quoted
923 3574 949 3621 p.
962 3562 977 3610 7
988 3558 1017 3607 in
1029 3559 1113 3609 which
1124 3562 1199 3613 Lucr.
1213 3562 1237 3612 is
1248 3564 1345 3630 closely

140 3640 273 3691 imitated:
291 3655 332 3689 see
349 3640 405 3690 also
420 3639 527 3702 reading
545 3640 573 3689 of
590 3641 663 3690 Junt.
680 3641 709 3688 in
726 3641 787 3698 749;
805 3640 861 3705 [the
878 3641 933 3689 cod.
946 3640 1040 3691 Victor.
1055 3656 1145 3704 proves
1159 3658 1204 3705 my
1215 3644 1345 3698 inierence

140 3730 168 3774 to
179 3723 210 3772 be
221 3725 318 3772 correct
328 3722 388 3771 here
399 3722 452 3771 and
464 3724 523 3774 749:
541 3723 668 3771 Marullus
679 3722 743 3772 cites
754 3721 857 3784 Virgil's
875 3724 939 3784 qaia
951 3725 1067 3785 proclino
1084 3726 1169 3773 omnia
1184 3727 1344 3789 Perleperent

139 3806 237 3867 otialis]¹
274 3806 340 3853 hisce
360 3806 445 3853 ecdem
461 3820 482 3855 r.
502 3806 526 3853 d.
545 3820 613 3854 omae
630 3805 723 3856 Bern:
741 3805 787 3854 but
799 3821 867 3854 omne
878 3804 902 3853 is
912 3804 1006 3868 hardly
1017 3805 1079 3855 thus
1091 3807 1170 3866 used;
1187 3807 1313 3860 therefore
1329 3812 1344 3861 I

139 3886 201 3937 read
217 3889 283 3936 hisce
303 3901 333 3934 ea
352 3901 391 3935 res
410 3902 432 3934 r.
450 3887 475 3935 d.
493 3886 585 3935 minis:
608 3888 732 3948 quaedam
746 3886 796 3936 has
812 3901 848 3935 no
864 3887 993 3949 meaning.
1109 3890 1156 3938 721
1173 3892 1212 3938 ita
1228 3907 1343 3953 quasque

138 3971 213 4019 lunt.
233 3969 273 4017 ior
294 3970 334 4017 ita
355 3984 466 4031 cumque.
568 3971 616 4021 724
632 3977 746 4020 roratum
762 3969 813 4019 Ed.
853 3977 963 4019 constent
980 3969 1025 4018 AB
1040 3969 1108 4032 vulg.
1120 3970 1214 4020 Lach:
1232 3987 1274 4021 see
1294 3975 1343 4026 337

139 4051 191 4101 and
202 4051 259 4101 694.
326 4051 374 4102 734
390 4053 493 4100 colorem
509 4050 579 4102 Nico.
593 4052 660 4114 vulg.
675 4053 715 4101 for
725 4055 820 4102 colore:
838 4052 929 4101 hamb.
941 4052 994 4102 and
1004 4051 1085 4101 Lech.
1098 4053 1165 4115 deny
1176 4052 1235 4103 that
1246 4056 1343 4105 imbuta

138 4136 243 4189 colorem
260 4132 284 4181 is
303 4130 397 4190 Latin3
414 4132 462 4181 but
481 4147 522 4182 see
539 4135 614 4182 notes
633 4135 656 4184 2.
709 4133 788 4183 Laoh.
811 4132 887 4183 reads
908 4135 974 4183 Nive
992 4136 1072 4183 allum
1091 4137 1199 4195 qmntvts
1218 4150 1267 4198 quo
1284 4146 1343 4186 sant

139 4217 229 4265 inbuta
243 4217 331 4273 colore,
343 4217 406 4277 cet.;
422 4215 470 4264 but
489 4215 534 4265 the
553 4216 713 4266 nominative
732 4232 796 4279 quae
815 4216 839 4265 is
854 4215 998 4278 absolutely
1015 4214 1131 4276 required
1146 4215 1214 4266 here.
1250 4218 1343 4267 induta

137 4298 228 4347 Lamb.
240 4297 281 4346 for
291 4299 388 4349 inbuta.
487 4299 534 4350 741
552 4300 728 4349 lumirrcFlor.
741 4298 987 4349 clemencior
1003 4300 1114 4350 numina.
1217 4299 1265 4347 742
1281 4302 1340 4349 Dis-

133 4394 224 4443 pecere
238 4378 309 4429 Nicc.
325 4394 390 4429 corr.
406 4379 501 4430 Awana.
520 4381 560 4432 for
577 4384 724 4445 Desperare.
760 4385 883 4444 Aspacara
901 4382 974 4432 Junt.
995 4381 1086 4432 Lamb.
1188 4382 1235 4431 743
1252 4382 1339 4433 Bentl.
