2842 4860
564 198 697 303 Ι11

184 412 260 468 sunt
284 411 414 468 etcum
437 403 579 468 externis
601 402 816 468 succumbunt
839 401 949 467 omnia
969 401 1083 488 plagis,

184 508 447 594 quandoquidem
468 508 584 594 grandi
606 507 697 573 cibus
719 530 799 572 aevo
821 507 960 593 denique
983 506 1065 570 defit

183 633 243 675 nec
265 611 445 676 tuditantia
467 635 535 677 rem
558 621 684 678 cessant
707 613 907 677 extrinsecus
929 610 1031 676 ullam

184 735 316 798 corpora
337 714 492 778 conficere
515 722 548 779 et
570 714 673 800 plagis
695 714 814 778 infesta
837 713 976 786 domare.

184 815 228 880 sic
250 816 352 902 igitur
374 817 485 901 magni
506 840 635 903 quoque
656 817 777 883 circum
800 817 929 882 moenia
950 815 1065 880 mundi

79 933 158 999 1145
185 929 370 1005 expugnata
391 921 516 985 dabunt
539 923 645 987 labem
668 921 832 1007 putrisque
853 921 970 986 ruinas.

184 1024 314 1109 iamque
336 1024 415 1088 adeo
437 1025 539 1088 fracta
561 1031 611 1087 est
633 1034 722 1088 aetas
745 1026 907 1110 effetaque
930 1024 1028 1088 tellus

184 1127 239 1191 vix
261 1127 415 1190 animalia
437 1149 537 1211 parva
558 1135 645 1191 creat
668 1149 751 1212 quae
774 1137 891 1191 cuncta
912 1127 1033 1192 creavit

185 1231 289 1294 saecla
310 1229 465 1314 deditque
487 1230 627 1293 ferarum
650 1230 797 1316 ingentia
818 1253 950 1316 corpora
971 1238 1079 1316 partu.

184 1333 281 1412 haud,
303 1343 341 1398 ut
364 1335 485 1419 opinor,
507 1334 595 1398 enim
617 1334 768 1398 mortalia
790 1333 895 1398 saecla
917 1355 1055 1419 superne

184 1460 282 1502 aurea
303 1438 344 1502 de
367 1439 455 1502 caelo
478 1438 608 1502 demisit
630 1437 716 1502 funis
739 1438 774 1501 in
796 1459 873 1503 arva

184 1564 243 1605 nec
265 1562 353 1605 mare
374 1563 434 1605 nee
456 1541 574 1605 fluctus
597 1541 782 1626 plangentis
804 1563 882 1604 saxa
903 1547 1064 1617 crearunt,

185 1646 241 1709 sed
263 1645 378 1730 genuit
401 1646 499 1710 tellus
522 1646 634 1709 eadem
657 1667 740 1730 quae
763 1668 850 1709 nunc
871 1644 931 1708 alit
955 1666 994 1708 ex
1017 1666 1059 1710 se.

185 1758 352 1833 praeterea
373 1748 493 1813 nitidas
515 1749 623 1834 fruges
644 1749 820 1834 vinetaque
843 1749 931 1812 laeta

185 1861 299 1938 sponte
322 1876 380 1917 sua
401 1853 543 1938 primum
566 1853 756 1916 mortalibus
779 1852 849 1936 ipsa
871 1850 1001 1925 creavit,

185 1957 256 2041 ipsa
277 1957 367 2022 dedit
389 1956 492 2021 duleis
514 1958 599 2020 fetus
622 1964 656 2020 et
678 1956 799 2041 pabula
821 1956 927 2039 laeta3

185 2084 268 2146 quae
291 2085 378 2126 nunc
399 2061 454 2124 vix
476 2071 584 2125 nostro
606 2061 823 2146 grandescunt
846 2068 942 2124 aucta
963 2059 1080 2137 labore,
1200 2060 1282 2124 1160

185 2163 444 2249 conterimusque
466 2163 564 2227 boves
586 2171 620 2226 et
642 2162 719 2227 viria
742 2163 962 2246 agricolarum,

105 2342 109 2353 ι
185 2266 371 2330 conficimus
391 2267 511 2330 ferrum
534 2265 588 2329 vix
611 2266 694 2329 arvis
717 2266 934 2351 suppeditati:

184 2392 287 2454 usque
309 2370 388 2434 adeo
410 2378 548 2454 parcunt
570 2370 657 2434 fetus
679 2377 864 2454 augentque
887 2369 1005 2434 labore.

185 2476 314 2561 iamque
336 2484 435 2560 caput
458 2497 612 2560 quassans
633 2475 765 2561 grandis
787 2475 928 2560 suspirat
950 2484 1056 2539 arator

184 2579 333 2657 crebrius
354 2579 514 2644 incassum
538 2601 694 2643 manuum
716 2577 867 2643 cecidisse
889 2577 1023 2655 labores,

187 2692 221 2748 et
244 2706 318 2747 cum
342 2691 489 2770 tempora
511 2682 711 2768 temporibus
733 2682 916 2768 praesentia
938 2683 1061 2746 confert

184 2787 377 2871 praeteritis,
398 2788 512 2852 laudat
534 2788 681 2852 fortunas
703 2809 800 2872 saepe
821 2787 967 2872 parentis

80 2913 164 2978 1170
187 2903 220 2959 et
243 2901 362 2977 crepat,
384 2891 529 2956 anticum
552 2912 654 2974 genus
676 2897 715 2953 ut
737 2890 861 2974 pietate
883 2890 1045 2974 repletum

185 2999 335 3084 perfacile
357 2997 503 3081 angustis
526 2995 672 3059 tolerarit
694 2995 814 3059 finibus
837 3017 959 3073 aevom,

185 3125 260 3167 cum
282 3101 388 3165 minor
409 3108 493 3164 esset
515 3097 584 3184 agri
607 3099 711 3162 multo
733 3098 848 3161 modus
870 3105 947 3162 ante
969 3096 1103 3162 viritim.

81 3210 162 3272 1168
186 3205 289 3271 tristis
310 3205 391 3268 item
414 3202 544 3266 vetulae
567 3201 643 3265 vitis
665 3211 752 3266 sator
774 3209 873 3287 atque
895 3201 994 3266 vietae

76 3465 167 3511 notes:
184 3460 268 3509 Faber
278 3458 357 3508 omits
368 3458 413 3507 the
423 3471 508 3506 verse:
526 3456 600 3505 Voss.
619 3455 714 3504 inserts
734 3459 775 3505 ‘et
792 3455 882 3505 fulcire
899 3454 979 3512 cibus,
995 3454 1067 3504 cibus
1082 3454 1170 3505 omnia
1182 3460 1281 3506 susten-

76 3542 158 3600 tare';
180 3542 234 3593 and
250 3542 315 3591 adds
331 3541 360 3590 in
377 3555 457 3602 marg.
477 3539 529 3588 ‘sic
545 3539 595 3587 Ms.
612 3541 648 3588 v.'
786 3538 849 3589 1149
867 3553 913 3600 que
931 3537 1014 3587 added
1030 3537 1064 3600 by
1080 3536 1150 3587 Nicc.

110 3625 175 3674 1150
191 3625 283 3686 fructa
304 3624 326 3672 B
349 3637 413 3672 corr.
432 3622 472 3671 for
486 3624 569 3684 sacto.
620 3627 698 3669 uetur.
716 3619 808 3670 Heins.
832 3634 954 3682 proposes
976 3618 1004 3668 in
1023 3635 1073 3671 1111.
1093 3623 1168 3669 notes
1189 3628 1281 3672 aetate.

76 3707 151 3768 effeta
167 3705 237 3755 Nicc.
256 3704 297 3754 for
312 3707 408 3767 effecto.
520 3703 583 3751 1153
601 3703 691 3763 opinor
712 3703 778 3750 enim
799 3702 919 3750 mortalia
938 3701 1003 3752 Mar.
1023 3701 1097 3753 Junt.
1119 3703 1159 3751 for
1181 3695 1282 3765 opinare

76 3789 239 3836 immortalia.
338 3786 402 3836 1165
413 3801 531 3840 manuum
542 3785 577 3833 Is.
587 3784 659 3835 Voss.
673 3783 761 3834 inms.
776 3786 851 3832 notes
862 3782 902 3831 101
912 3799 1036 3846 mapsam.
1134 3785 1198 3834 1166
1210 3785 1282 3833 Mon.

76 3869 130 3919 and
149 3869 222 3918 Junt.
240 3868 302 3918 read
318 3872 354 3918 Et
370 3884 425 3918 cum
443 3870 589 3930 temporibus
602 3869 750 3930 praetentio
767 3873 884 3929 temporo,
902 3865 956 3916 and
975 3880 1003 3915 ao
1021 3864 1135 3915 Politian
1151 3865 1181 3914 in
1198 3880 1279 3928 marg.

76 3951 145 4001 Flor.
160 3952 205 4001 29:
223 3950 245 3999 it
256 3951 279 3999 is
290 3954 318 4000 to
333 3950 363 4000 be
380 3949 482 3999 noticed
498 3949 557 3998 that
574 3948 634 3998 here
652 3951 696 3997 too
713 3947 865 4014 Naugerips,
883 3962 913 3997 as
929 3946 958 3996 in
969 3961 980 3995 1
992 3947 1024 3996 15
1036 3947 1088 3996 and
1106 3948 1144 4005 16,
1157 3947 1218 3996 does
1235 3951 1283 3997 not
1379 3994 1381 3999 .

75 4032 162 4081 follow
173 4033 246 4082 tunt.
261 4032 307 4081 but
323 4046 409 4081 recuro
422 4036 450 4080 to
467 4031 511 4080 the
529 4035 587 4080 true
604 4030 678 4080 order
696 4030 725 4080 01
742 4030 786 4080 the
804 4029 895 4081 words.
996 4030 1158 4080 1168-1110
1175 4029 1283 4095 (1110-

77 4115 151 4178 1172)
165 4113 261 4162 Theod.
277 4113 361 4174 Bergk
371 4112 400 4161 in
411 4112 504 4162 Jahn'a
515 4112 604 4162 Jahrb.
617 4112 667 4163 vol.
684 4112 714 4163 67
726 4127 751 4174 p.
769 4112 817 4162 319
834 4110 883 4160 has
899 4109 997 4174 rightly
1012 4110 1167 4160 transferred
1184 4114 1211 4160 to
1228 4110 1282 4159 this

76 4197 156 4260 place.
258 4195 321 4246 1111
339 4209 402 4243 11111.
420 4194 486 4243 have
503 4198 531 4244 at
550 4194 595 4243 the
614 4182 665 4243 end
680 4196 790 4257 fotipat,
809 4194 888 4243 taken
907 4194 975 4242 from
995 4194 1058 4242 1112
1077 4193 1110 4255 by
1128 4209 1143 4243 a
1161 4208 1282 4243 common

75 4278 193 4335 blunder,
205 4278 245 4326 for
256 4276 340 4326 which
351 4276 440 4327 Heius.
455 4276 483 4325 in
498 4291 547 4327 ms.
565 4280 639 4326 noma
653 4277 729 4327 reads
743 4279 835 4335 vietae,
851 4276 1003 4340 comparing
1018 4291 1051 4326 111
1066 4278 1114 4326 385
1124 4279 1229 4325 vietum:
1248 4275 1282 4326 he

76 4364 194 4422 suggests
205 4363 249 4409 too
260 4361 342 4409 vittae
354 4358 394 4408 101
404 4361 510 4417 octobre,
523 4359 589 4408 after
604 4359 668 4410 Hor.
682 4358 754 4422 epod.
768 4373 806 4408 xrr
819 4361 841 4418 7,
854 4358 907 4409 and
922 4366 1032 4408 senectae
1047 4358 1088 4407 for
1099 4359 1206 4420 fattpat,
1219 4356 1281 4407 used
