2842 4860
140 263 198 326 142
244 313 253 324 ‚
710 246 766 310 III

267 409 417 496 Denique
439 433 496 475 cur
516 409 618 474 animi
639 432 820 496 numquam
843 432 934 476 mens
955 409 1190 496 consiliumque
1282 412 1344 491 615

223 516 368 602 gignitur
389 515 425 580 in
446 515 552 600 capite
574 523 633 579 aut
654 515 792 600 pedibus
814 515 1015 592 manibusve,
1037 515 1191 580 sedunis
1258 568 1262 578 .

224 619 354 684 sedibus
375 627 410 683 et
431 619 526 685 certis
547 619 733 703 regionibus
755 619 906 686 omnibus
928 619 1052 696 haeret,

225 723 252 786 si
274 744 338 785 non
361 730 448 788 certa
469 722 540 786 loca
560 723 602 787 ad
624 723 822 787 nascendum
844 722 971 787 reddita
993 723 1111 808 cuique

224 834 311 902 sunt,
335 833 368 889 et
389 825 448 890 ubi
470 825 625 910 quicquid
647 825 756 950 possit}
770 824 885 891 durare
907 838 1062 903 creatum,

224 983 323 1058 atque
345 972 393 1036 ita
413 971 615 1036 multimodis
636 972 765 1056 partitis
787 972 922 1035 artubus
944 994 1022 1050 esse,
1282 974 1348 1037 620

225 1077 441 1141 membrorum
463 1084 502 1139 ut
523 1097 701 1159 numquam
723 1075 842 1139 existat
863 1083 1087 1160 praeposterus
1110 1074 1210 1140 ordo?

226 1203 327 1267 usque
349 1181 429 1244 adeo
452 1180 598 1264 sequitur
618 1202 669 1243 res
691 1202 759 1244 rem
781 1201 887 1264 neque
909 1179 1041 1244 flamma
1063 1179 1163 1244 creari

225 1284 414 1348 fluminibus
437 1283 562 1346 solitast
584 1304 690 1367 neque
712 1283 746 1346 in
769 1282 838 1368 igni
860 1283 985 1368 gignier
1007 1283 1103 1368 algor.

269 1390 440 1453 Praeterea
461 1387 489 1451 si
511 1387 690 1452 inmortalis
712 1396 830 1452 natura
850 1389 1004 1453 animaist

226 1500 261 1557 et
283 1491 403 1556 sentire
424 1498 532 1576 potest
555 1500 677 1555 secreta
699 1514 719 1555 a
740 1513 870 1575 corpore
892 1499 1009 1564 nostr0,
1284 1495 1346 1572 625

227 1594 379 1680 quinque,
403 1601 440 1658 ut
462 1593 583 1678 opinor,
606 1616 677 1657 eam
700 1594 888 1658 faciundum
911 1602 962 1658 est
984 1594 1131 1659 sensibus
1152 1603 1305 1675 auctam3

226 1719 285 1762 nec
306 1696 431 1761 ratione
454 1697 518 1760 alia
538 1705 666 1762 nosmet
688 1719 865 1781 proponere
888 1697 981 1761 uobis

226 1824 395 1888 possumus
418 1801 558 1866 infernas
580 1801 704 1865 animas
726 1801 913 1865 Acherunte
936 1800 1054 1886 vagari.

226 1906 365 1991 pictores
386 1904 496 1990 itaque
520 1912 554 1968 et
576 1905 766 1990 scriptorum
789 1905 894 1969 saecla
915 1903 1023 1988 priora

226 2011 271 2074 sic
293 2009 416 2072 animas
438 2009 522 2072 intro
545 2009 709 2073 duxerunt
732 2008 879 2072 sensibus
901 2017 1021 2074 auctas
1284 2014 1351 2091 630

228 2121 263 2176 at
285 2133 390 2196 neque
413 2134 536 2175 sorsum
558 2112 642 2175 oculi
664 2133 770 2196 neque
792 2133 886 2175 nares
907 2133 967 2175 nec
990 2133 1106 2175 manus
1127 2111 1199 2196 ipsa

229 2239 297 2280 esse
319 2224 426 2300 potest
449 2215 576 2278 animae
598 2237 703 2299 neque
726 2236 849 2278 sorsum
871 2214 992 2300 lingua,
1014 2237 1120 2300 neque
1143 2237 1239 2279 aures

228 2319 344 2383 auditu
367 2339 425 2401 per
447 2339 480 2380 se
502 2325 637 2402 possunt
660 2317 779 2381 sentire
802 2339 907 2403 neque
930 2340 1007 2382 esse.

273 2423 316 2484 Et
338 2420 490 2503 quoniam
513 2427 582 2483 toto
605 2420 762 2483 sentimus
785 2442 913 2504 corpore
936 2421 1039 2485 inesse

228 2523 362 2587 vitalem
385 2544 514 2585 sensum
537 2529 570 2584 et
591 2529 700 2585 totum
722 2544 790 2586 esse
813 2522 952 2586 animale
974 2523 1130 2599 videmus,
1285 2524 1349 2604 635

229 2628 257 2692 si
279 2626 386 2690 subito
409 2624 553 2688 medium
576 2625 672 2688 celeri
694 2625 886 2709 praeciderit
907 2625 976 2690 ictu

230 2732 279 2795 vis
301 2730 411 2814 aliqua
433 2738 472 2793 ut
493 2750 616 2792 sorsum
639 2737 766 2813 partem
788 2739 932 2794 secernat
954 2739 1134 2815 utramque,

231 2833 399 2918 dispertita
420 2831 531 2916 procul
553 2831 650 2895 dubio
673 2854 800 2917 quoque
822 2833 871 2896 vis
893 2834 1014 2898 animai

231 2948 265 3002 et
287 2936 418 3002 discissa
440 2936 537 3000 simul
558 2958 632 3000 cnm
655 2958 783 3021 corpore
806 2937 996 3003 dissicietur.

231 3051 266 3106 at
287 3041 372 3126 quod
395 3040 552 3104 scinditur
573 3048 608 3104 et
630 3041 730 3126 partis
752 3041 888 3106 discedit
909 3042 944 3105 in
967 3043 1058 3119 ullas,
1286 3048 1356 3128 640

231 3145 352 3212 scilicet
373 3153 538 3208 aeternam
560 3144 622 3208 sibi
644 3153 794 3209 naturam
817 3145 931 3209 abnuit
954 3168 1028 3210 esse.

231 3250 388 3314 falciferos
411 3258 590 3312 memorant
612 3270 722 3312 currus
745 3249 907 3314 abscidere
929 3249 1075 3315 membra

232 3376 327 3438 saepe
349 3352 397 3416 ita
418 3351 458 3415 de
481 3351 588 3415 subito
610 3352 771 3436 permixta
792 3353 889 3417 caede
912 3353 1054 3430 calentis,

232 3468 271 3522 ut
293 3468 430 3522 tremere
452 3456 486 3518 in
510 3465 595 3521 terra
617 3457 767 3522 videatur
789 3459 829 3522 ab
852 3460 987 3523 artubus
1009 3460 1042 3524 id
1066 3461 1151 3546 quod

232 3562 352 3627 decidit
374 3561 541 3638 abscisum,
564 3585 637 3626 oum
661 3585 753 3627 mens
774 3571 886 3628 tamen
909 3573 1008 3649 atque
1030 3565 1171 3631 hominis
1193 3567 1244 3632 vis
1287 3572 1353 3654 645

233 3666 414 3730 mobilitate
436 3664 515 3728 mali
537 3688 602 3729 non
624 3667 696 3752 quit
719 3668 839 3732 sentire
861 3668 1023 3750 dolorem;

233 3779 267 3834 et
290 3768 390 3834 semel
411 3769 446 3832 in
468 3792 597 3855 pugnae
620 3770 728 3834 studio
751 3772 836 3856 quod
860 3772 970 3837 dedita
991 3796 1083 3838 mens
1107 3783 1163 3850 est,

148 3907 283 3963 Gaudent,
297 3907 436 3967 praelonga
452 3920 525 3953 senex
542 3912 588 3953 aut
604 3920 698 3954 cornua
714 3921 809 3955 cerem,
907 3906 955 3959 617
972 3910 1114 3970 regionibus
1129 3911 1241 3959 omnibus
1259 3913 1357 3964 haeret.

146 3983 289 4048 regionibu'
301 3986 411 4047 pecturis
429 3986 453 4033 b.
469 3983 550 4032 Lech.
586 3986 692 4033 hominia
708 4000 760 4045 rep.
778 3987 864 4036 haeret
880 3986 930 4035 Ed.
947 3987 1078 4050 formerly.
1214 3990 1289 4039 After
1306 3994 1358 4045 619

147 4080 219 4116 some
230 4079 281 4114 sss.
291 4080 335 4114 are
345 4064 406 4114 lost.
471 4064 519 4114 620
526 4067 633 4127 partitis
644 4065 722 4114 Bcrn.
730 4066 770 4114 lor
777 4081 825 4128 pro
838 4069 906 4116 totis.
937 4071 1057 4131 perfectis
1068 4067 1148 4117 Lech.
1215 4070 1263 4119 623
1275 4074 1358 4122 solita

146 4164 225 4211 raeque
235 4149 332 4209 insipat
342 4147 395 4194 AB.
437 4149 466 4196 r'rr
476 4149 532 4208 iuni
544 4147 614 4196 Nice.
647 4150 725 4197 solito
736 4155 773 4198 eet
783 4149 852 4198 Flor.
866 4150 896 4199 31
909 4150 999 4200 Gamb.
1011 4151 1088 4199 Pont.
1100 4151 1166 4200 Mur.
1267 4151 1358 4205 624‘32·

146 4231 296 4279 immortalia
308 4228 377 4278 Nico.
391 4229 430 4277 for
440 4232 464 4278 rt
476 4232 599 4279 mortalis.
690 4231 739 4280 628
755 4234 846 4294 vagari
857 4230 938 4280 Lech.
955 4232 995 4281 for
1005 4247 1105 4283 vocare.
1138 4248 1232 4295 vapore
1249 4233 1272 4282 B
1286 4250 1354 4288 corr.

146 4313 237 4364 Lamb.
251 4313 319 4375 vulg.
331 4312 441 4375 perhaps
452 4312 556 4375 rightly.
697 4313 745 4362 632
757 4317 856 4364 animae
868 4313 930 4363 Pius
939 4315 1006 4377 conj.
1018 4315 1058 4365 for
1069 4320 1165 4365 anima.
1306 4319 1358 4368 633

148 4395 246 4442 Audita
255 4393 304 4442 Ed.
317 4393 358 4442 for
369 4395 498 4443 Auditum.
532 4395 613 4442 Haud
623 4396 706 4454 igitur
716 4395 796 4444 Lach.
808 4395 866 4445 who
877 4395 938 4445 here
949 4395 1039 4459 begins
1050 4411 1066 4446 s
1078 4411 1133 4446 new
1145 4400 1274 4448 sentence.
