2842 4860
170 269 233 333 134
744 253 799 316 ΙΙΙ

254 420 412 502 quantula
432 422 538 507 prima
559 430 681 508 queant
703 423 796 486 nobis
817 421 937 486 iniecta
959 421 1043 485 ciere

255 545 386 608 corpora
407 527 575 592 sensiferos
597 536 704 592 motus
727 528 762 591 in
784 550 923 612 corpore,
946 534 1040 592 tanta

257 625 427 695 intervalla
449 637 560 696 tenere
583 632 715 696 exordia
736 631 842 716 prima
863 632 993 696 animai.

258 751 334 794 nam
356 755 462 819 neque
484 735 626 819 pulveris
648 735 812 800 interdum
834 734 993 799 sentimus
1015 731 1192 796 adhaesum

258 855 388 919 corpore
410 860 470 902 nec
493 838 647 903 membris
669 840 829 904 incussam
852 839 954 903 sidere
976 845 1107 912 cretam,

257 959 316 1001 nec
338 940 491 1005 nebulam
513 950 611 1007 noctu
634 964 740 1028 neque
762 941 872 1006 aranei
894 940 1004 1005 tenvia
1025 939 1082 1002 fila

257 1043 353 1107 obvia
374 1046 539 1123 sentimus,
562 1047 692 1132 quando
714 1046 893 1111 obretimur
914 1052 1039 1120 euntes

257 1168 317 1210 neo
338 1170 455 1233 supera
476 1158 574 1235 caput
596 1151 741 1216 eiusdem
764 1151 916 1216 cecidisse
939 1150 1061 1213 vietam

255 1259 380 1316 vestem
402 1277 461 1318 nec
483 1254 611 1338 plumas
633 1255 743 1320 avium
764 1277 950 1340 papposque
972 1251 1112 1316 volantis

256 1359 313 1440 qui
334 1360 437 1424 nimia
458 1361 591 1426 levitate
614 1361 735 1425 cadunt
757 1361 949 1446 plerumque
970 1356 1141 1442 gravatim,

256 1485 316 1527 neo
339 1466 480 1550 repentis
502 1466 587 1530 iturir
610 1466 889 1550 cuiusviscumque
912 1461 1088 1527 animantis

256 1566 415 1630 sentimus
436 1590 497 1632 nec
518 1567 609 1652 priva
630 1567 752 1651 pedum
773 1565 911 1651 vestigia
933 1584 1089 1650 quaeque,

172 1746 173 1750 Ἰ
259 1693 387 1756 corpore
411 1695 493 1758 quae
516 1673 551 1737 in
573 1681 682 1737 nostro
704 1672 820 1736 culices
844 1679 877 1735 et
899 1678 1006 1733 cetera
1027 1673 1162 1753 ponunt.

258 1796 360 1860 usque
383 1777 463 1842 adeo
485 1778 576 1863 prius
599 1786 648 1843 est
670 1777 704 1840 in
727 1775 819 1840 nobis
841 1775 946 1839 multa
967 1773 1127 1847 ciendum,

259 1900 357 1961 quam
379 1879 553 1964 primordia
574 1881 751 1945 sentiscant
774 1900 926 1942 concussa
948 1875 1069 1940 animai

258 1981 383 2045 semina
405 1984 588 2068 corporibus
611 1983 728 2047 nostris
749 1982 889 2045 inmixta
911 2002 969 2064 per
990 1987 1089 2054 artus,

258 2093 292 2148 et
314 2107 413 2170 quam
435 2086 470 2150 in
491 2086 542 2150 his
564 2085 742 2150 intervallis
764 2084 943 2149 tuditantia
964 2082 1089 2168 possint

256 2209 441 2252 concursare
463 2189 545 2253 coire
568 2196 601 2253 et
623 2188 794 2252 dissultare
816 2186 965 2251 vicissim.

301 2291 347 2354 Et
369 2291 470 2376 magis
492 2299 541 2355 est
563 2291 691 2356 animus
712 2290 792 2354 vitai
815 2288 954 2354 claustra
976 2309 1124 2352 coercens

259 2401 293 2456 et
314 2393 532 2458 dominantior
553 2395 594 2458 ad
616 2395 719 2459 vitam
741 2416 840 2479 quam
862 2392 911 2457 vis
933 2391 1063 2455 animai.

258 2516 334 2558 nam
357 2497 427 2561 sine
449 2504 558 2562 mente
580 2496 752 2581 animoque
774 2495 889 2580 nequit
911 2494 1055 2561 residere,
1071 2516 1130 2579 per
1151 2501 1241 2559 artus

258 2600 413 2685 temporis
436 2599 588 2687 exiguam
610 2608 737 2686 partem
759 2622 834 2684 pars
856 2600 924 2663 ulla
945 2599 1075 2674 animai,

259 2704 316 2767 sed
338 2727 444 2769 comes
465 2706 650 2792 insequitur
670 2706 762 2771 facile
786 2713 820 2770 et
841 2705 981 2770 discedit
1002 2704 1037 2768 in
1059 2726 1153 2768 auras

259 2815 294 2871 et
315 2808 439 2893 gelidos
460 2817 550 2872 artus
572 2809 607 2872 in
629 2809 688 2874 leti
710 2808 827 2894 frigore
849 2808 977 2893 linquit.
1017 2865 1020 2871 .

258 2917 294 2975 at
315 2919 426 2976 manet
449 2912 484 2975 in
505 2911 575 2977 vita
596 2913 648 2978 cui
671 2936 763 2978 mens
784 2913 976 2997 animusque
998 2912 1160 2976 remansit.

259 3014 406 3098 quamvis
428 3024 477 3080 est
499 3017 618 3081 circum
641 3017 741 3081 caesis
763 3018 848 3081 lacer
869 3016 1014 3102 undique
1036 3017 1190 3081 membris

259 3124 402 3196 truncus
424 3119 579 3204 adempta
601 3120 711 3183 anima
732 3119 853 3183 circum
875 3119 1094 3204 membrisque
1116 3127 1242 3184 remota

176 3263 177 3266 κ
259 3219 342 3285 vivit
365 3231 398 3286 et
421 3223 581 3287 aetherias
603 3223 712 3287 vitalis
735 3223 872 3307 suscipit
894 3245 997 3289 auras.

260 3323 287 3387 si
310 3348 375 3389 non
397 3327 600 3405 omnimodis,
623 3336 658 3391 at
679 3351 798 3412 magna
820 3335 914 3413 parte
935 3327 1057 3391 animai

259 3428 416 3514 privatus
439 3439 551 3496 tamen
573 3431 609 3494 in
630 3432 700 3495 vita
722 3439 894 3495 cunctatur
916 3438 949 3494 et
971 3432 1106 3512 haeret3

174 3643 244 3694 Nico.
260 3644 330 3695 Flor.
345 3648 377 3695 31
395 3646 484 3697 (lamb.
497 3647 533 3696 all
547 3646 607 3697 Vct.
625 3647 661 3697 all
675 3646 728 3696 eds.
744 3646 795 3696 bei.
809 3645 901 3695 Lamb.
918 3647 942 3704 3,
956 3644 1009 3693 Gif.
1026 3645 1102 3694 Wak.
1200 3646 1248 3696 378
1265 3645 1318 3694 and
1335 3647 1386 3696 380

170 3728 267 3788 prima.
301 3731 377 3789 priva
392 3730 479 3780 Bentl.
496 3729 576 3779 Lach.
593 3729 644 3779 Ed.
661 3728 690 3778 in
705 3729 745 3779 ed.
764 3730 790 3778 1:
808 3730 855 3778 but
872 3743 914 3777 see
929 3731 1005 3776 notes
1021 3730 1046 3776 2.
1145 3729 1192 3777 333
1210 3732 1299 3778 aranei
1317 3729 1384 3779 Mar.

174 3806 232 3856 Ald.
249 3808 352 3859 lJunt.
369 3810 409 3859 for
426 3814 517 3862 arani:
534 3827 576 3860 see
591 3811 673 3861 Lach.
771 3811 819 3861 391
837 3810 952 3859 ciendum
967 3808 1064 3858 Avsnc.
1082 3809 1123 3857 for
1138 3811 1235 3858 ciendo.
1335 3813 1385 3862 392

175 3889 228 3938 and
240 3892 287 3941 393
298 3892 412 3955 Wrongly
424 3893 577 3955 transposed
587 3893 621 3955 by
631 3893 698 3942 Mar.
710 3891 763 3942 and
778 3891 807 3940 in
825 3891 861 3940 all
876 3889 988 3940 editions
1002 3891 1137 3952 including
1147 3890 1227 3940 Lach.
1239 3890 1318 3940 Bern.
1330 3891 1385 3941 and

174 3971 225 4020 Ed.
237 3971 367 4036 formerly.
420 3976 468 4025 394
480 3978 516 4024 Et
525 3992 599 4038 quara
610 3978 639 4024 irs
651 3977 689 4024 his
701 3977 845 4024 intervallis
854 3972 934 4022 Irach.
942 3974 1045 4036 acutely
1056 3974 1139 4022 forEt
1151 3976 1253 4036 quantis
1265 3976 1314 4024 int.
1347 3977 1386 4023 Et

105 4107 107 4111 ¹
174 4066 251 4114 quam
261 4056 405 4105 intervallis
417 4058 495 4105 tantis
507 4057 573 4106 Mar.
585 4056 644 4106 Ald.
658 4057 671 4104 1
684 4057 757 4105 tunt.
768 4057 836 4118 vulg.
869 4057 907 4104 Iit
919 4057 998 4104 tantis
1009 4057 1154 4104 intervallis
1165 4054 1241 4104 Wak.
1335 4056 1386 4107 400

175 4142 200 4184 et
211 4136 319 4186 discedit
330 4136 389 4186 Vat.
401 4139 465 4189 3276
478 4137 543 4187 Mar.
555 4137 613 4186 Ald.
625 4139 639 4186 1
651 4137 726 4187 Junt.
738 4137 779 4185 ior
789 4138 918 4186 ediscedit.
1003 4137 1052 4185 403
1063 4139 1158 4184 circum
1168 4137 1238 4184 Flor.
1250 4137 1281 4185 31
1294 4136 1385 4188 camb.

175 4232 241 4267 corr.
257 4219 323 4268 Mar.
343 4219 384 4269 for
402 4227 504 4269 cretum.
640 4221 689 4269 404
705 4227 798 4268 remota
814 4220 836 4267 B
854 4233 918 4268 corr.
935 4218 1015 4267 Lach.
1032 4219 1073 4266 for
1088 4226 1166 4267 rernot
1181 4219 1212 4277 B,
1229 4226 1336 4268 remotus
1354 4220 1385 4278 Α,

176 4304 277 4351 remotis
292 4301 362 4363 vulg.
462 4302 510 4351 405
526 4303 662 4351 aetherias.
696 4304 779 4350 cemos
796 4300 889 4350 Lach.:
907 4298 1017 4349 without
1030 4314 1082 4362 any
1097 4299 1150 4361 just
1165 4315 1242 4349 cause
1256 4299 1290 4349 he
1307 4301 1387 4350 alters

178 4384 231 4434 this
254 4384 306 4435 snd
323 4399 403 4448 many
422 4399 543 4448 passages
566 4386 594 4435 of
611 4384 692 4447 Virgil
710 4385 762 4434 and
778 4384 866 4434 others
885 4399 919 4432 on
938 4383 984 4432 the
1001 4382 1163 4445 assumption
1182 4381 1240 4432 that
1258 4385 1386 4433 aetherias
