2842 4860
661 256 697 318 ΙΙ

164 422 221 477 aut
243 412 339 479 foeda
361 413 467 498 specie
491 413 558 477 dirs'
580 422 758 499 turpesque
781 415 943 481 videntur.

163 517 268 580 omnis
291 517 388 594 enim,
410 538 523 580 sensus
545 539 629 601 quae
652 518 774 582 mulcet
797 541 945 604 cumque,
959 520 1073 606 fipurc

163 620 244 683 haut
267 620 336 684 sine
358 619 542 705 principiali
564 620 674 705 aliquo
697 621 804 687 levore
827 631 981 703 creatast;

162 730 197 787 at
219 731 331 787 contra
352 744 576 808 quaecumque
598 725 735 790 molesta
757 735 857 812 atque
879 750 994 813 aspera
1016 737 1153 807 constat,

162 850 226 890 non
248 828 358 912 aliquo
381 827 450 892 sine
473 827 630 892 materiae
652 831 799 914 squalore
821 840 990 916 repertast.

164 941 241 996 sunt
265 934 366 997 etiam
388 953 471 1017 quae
494 932 560 995 iam
583 955 643 996 nec
666 933 751 998 levia
773 935 844 1000 iure
865 944 1026 1021 putantur

163 1057 231 1100 esse
254 1058 360 1120 neque
382 1034 514 1098 omnino
536 1035 629 1099 flexis
651 1038 861 1103 mucronibus
883 1061 978 1116 unca,

164 1139 221 1202 sed
243 1140 348 1224 magis
370 1139 508 1222 angellis
531 1140 667 1224 paulum
689 1143 920 1225 prestantibus,
942 1144 1034 1231 utqui

164 1243 297 1307 titillare
320 1244 424 1330 magis
446 1265 559 1309 sensus
582 1267 681 1329 quam
703 1246 831 1312 laedere
853 1248 996 1332 possint;

163 1349 289 1414 faecula
310 1350 376 1414 iam
398 1373 462 1435 quo
485 1350 526 1414 de
547 1373 665 1435 genere
689 1359 739 1416 est
762 1352 938 1438 inulaeque
960 1376 1096 1440 sapores.

164 1453 304 1539 denique
326 1454 391 1518 iam
415 1455 535 1520 calidos
558 1454 642 1539 ignis
664 1455 871 1540 gelidamque
894 1458 1046 1542 pruinam

164 1557 312 1622 dissimili
334 1559 469 1623 dentata
492 1558 587 1624 modo
608 1581 814 1644 conpungere
837 1583 951 1627 sensus

164 1661 310 1746 corporis
333 1662 452 1726 indicio
474 1661 566 1726 nobis
589 1671 639 1727 est
661 1670 768 1727 tectus
790 1672 937 1748 uterque.

164 1773 270 1829 tactus
294 1765 391 1842 enim,
413 1773 528 1841 tactus,
552 1789 610 1850 pro
633 1766 747 1831 divum
770 1768 906 1832 numina
928 1779 1048 1846 sancta,

164 1868 304 1953 corporis
327 1875 375 1934 est
398 1891 518 1946 sensus,
541 1870 593 1933 vel
616 1891 690 1934 cum
713 1891 764 1934 res
787 1879 899 1935 extera
921 1893 991 1936 sese

165 1973 318 2049 insinuat,
340 1973 392 2038 vel
414 1995 490 2038 cum
512 1974 614 2039 laedit
637 1996 721 2059 quae
743 1975 778 2038 in
800 1997 931 2060 corpore
955 1985 1064 2042 natast

165 2085 222 2140 aut
245 2078 336 2142 iuvat
358 2079 523 2163 egrediens
544 2079 699 2165 genitalis
720 2101 780 2163 per
802 2080 939 2144 Veneris
960 2103 1020 2159 res,

165 2191 224 2248 aut
245 2204 285 2245 ex
308 2183 434 2247 offensu
457 2205 531 2247 cum
555 2184 691 2247 turbant
712 2205 844 2268 corpore
867 2184 902 2247 in
924 2184 995 2269 ipso

166 2286 290 2349 semina
312 2286 574 2370 confunduntque
595 2285 682 2350 inter
703 2307 737 2350 se
760 2285 886 2352 concita
908 2309 1055 2367 sensum3

165 2398 204 2454 ut
225 2390 252 2453 si
274 2389 356 2453 forte
380 2411 479 2453 manu
501 2388 650 2473 quamvis
672 2389 739 2452 iam
762 2389 902 2474 corporis
924 2391 994 2475 ipse

165 2502 237 2558 tute
260 2493 322 2557 tibi
344 2502 471 2578 partem
494 2492 590 2556 ferias
612 2500 711 2577 atque
734 2493 908 2576 experiare.

166 2607 360 2683 quapropter
382 2598 478 2683 longe
501 2597 618 2662 formas
641 2597 763 2662 distare
786 2607 947 2663 necessest

165 2701 341 2787 principiis,
363 2700 468 2765 varios
489 2722 573 2785 quae
595 2699 721 2784 possint
744 2700 838 2765 edere
861 2721 981 2766 sensus.

208 2807 360 2892 Denique
383 2828 466 2891 quae
488 2806 582 2870 nobis
605 2803 721 2870 durata
744 2829 781 2870 ao
803 2807 905 2891 spissa
927 2807 1088 2882 videntur,

165 2912 244 2976 haec
266 2911 370 2996 magis
393 2910 533 2975 hamatis
555 2911 643 2974 inter
664 2933 733 2975 sese
756 2933 824 2977 esse
847 2918 1011 2976 necessest
1220 2924 1283 2991 445

164 3024 198 3080 et
220 3014 312 3100 quasi
334 3013 467 3078 ramosis
489 3013 554 3077 alte
578 3021 745 3097 compacta
767 3014 880 3079 teneri.

78 3219 134 3270 tien
145 3232 226 3279 marg.
238 3217 306 3267 Flor.
322 3218 353 3268 29
366 3215 418 3266 and
429 3217 540 3278 Nauger.
553 3217 593 3265 sor
603 3219 738 3266 uobittbus.
836 3217 885 3265 421
898 3218 951 3266 dist
969 3224 1100 3280 turpesque
1116 3216 1195 3267 Lseh.
1208 3216 1248 3266 for
1259 3219 1286 3267 ds·

79 3309 219 3364 turpesque.
247 3300 306 3363 sedi
318 3308 459 3362 turpesque,
471 3301 518 3361 qut
529 3301 594 3348 olidi
610 3306 639 3358 t,
652 3301 712 3349 tetri
730 3306 758 3358 t,
776 3306 859 3362 turpes
875 3301 987 3362 olidique
1003 3298 1069 3348 have
1085 3299 1120 3348 sll
1135 3299 1200 3349 been
1215 3301 1284 3351 read.

78 3384 145 3432 caeli
157 3389 287 3444 turpesque
299 3381 370 3429 Nico.
382 3379 435 3428 and
446 3379 530 3428 oldest
541 3378 594 3428 eds.
703 3379 752 3428 422
758 3381 848 3443 flqurs
858 3378 938 3429 Lssh.
950 3378 1015 3428 after
1027 3378 1206 3429 Schneidewin
1217 3379 1284 3431 Phil.

79 3479 111 3513 111
123 3479 149 3526 p.
161 3465 209 3512 538
221 3462 261 3510 for
271 3463 389 3510 uidentur
400 3459 484 3509 which
495 3459 544 3508 hes
555 3475 627 3510 come
644 3459 711 3508 from
728 3461 776 3509 421
793 3458 846 3509 snd
863 3459 1018 3522 supplented
1028 3459 1074 3509 the
1089 3460 1213 3511 feminine
1230 3463 1286 3513 sub-

78 3545 199 3595 stantive.
232 3559 296 3607 quse
313 3546 403 3592 mulcet
419 3557 497 3592 ceusu
514 3544 635 3604 iuvatque
653 3542 727 3594 Junt.
762 3547 829 3605 quse
844 3545 934 3592 mulcet
950 3558 1047 3604 cuuque
1058 3545 1178 3606 iuvatque
1188 3544 1286 3593 Avens.

78 3626 189 3675 without
200 3639 288 3683 sense;
306 3624 353 3673 but
364 3626 392 3672 at
408 3623 458 3673 end
475 3623 504 3672 os
518 3622 560 3672 his
577 3622 617 3672 ed.
630 3623 658 3671 of
674 3623 791 3673 Catullus
802 3623 836 3672 he
846 3623 906 3672 bids
917 3638 949 3672 us
960 3623 1020 3672 rssd
1031 3639 1095 3685 quoe
1106 3627 1198 3674 mulcet
1209 3641 1287 3675 causo

78 3711 206 3771 iuvatque.
244 3707 348 3755 mulctat
359 3721 436 3754 causa
448 3706 568 3768 iuvatque
580 3705 645 3756 Mar.
658 3705 822 3769 apparently;
840 3705 888 3754 but
899 3705 944 3754 the
953 3705 1037 3754 words
1045 3720 1088 3754 ere
1099 3705 1178 3755 much
1189 3708 1285 3758 erased.

110 3790 159 3837 423
172 3791 251 3838 levore
262 3790 358 3836 Avsnc.
368 3787 408 3835 lor
417 3788 517 3835 leviore.
583 3785 632 3834 427
644 3801 716 3834 unca.
726 3800 841 3848 uncaque
850 3800 913 3834 mss.
964 3786 1012 3834 428
1020 3787 1096 3848 utqui
1103 3785 1185 3835 added
1191 3786 1226 3849 by
1234 3787 1283 3838 Ed.

77 3867 333 3920 andN.P.Howsrd.
358 3874 454 3930 etquae
463 3866 532 3917 Flor.
541 3868 573 3915 31
583 3866 671 3916 (lamb.
679 3867 764 3928 vulgo.
781 3882 896 3930 quaeque
904 3865 983 3916 Lach.
1009 3866 1160 3916 uudeBern.
1183 3871 1286 3931 quique,

77 3954 117 4002 ie.
133 3953 237 4012 capelli,
251 3949 301 3998 Ed.
313 3949 447 4011 formerly:
465 3947 510 3996 the
522 3963 568 4011 que
580 3952 607 3996 st
618 3947 670 3996 end
681 3947 710 3995 of
719 3948 767 3999 427
779 3961 865 3995 comes
876 3947 944 3995 from
955 3946 1001 3996 the
1011 3946 1062 3996 lost
1073 3950 1156 4010 utqui.
1213 3948 1287 3999 Then

77 4037 125 4086 429
134 4036 235 4099 possint
246 4033 269 4081 Δ
280 4032 350 4083 Nico.
363 4031 433 4080 rlor.
446 4031 477 4080 31
490 4031 589 4091 Osmh,
603 4031 655 4080 and
667 4029 705 4094 (ss
718 4031 732 4078 I
743 4031 816 4080 lesrn
831 4031 899 4079 from
910 4030 992 4081 Lech.
1004 4045 1029 4092 p.
1044 4030 1101 4095 298)
1114 4030 1171 4079 cod.
1184 4031 1287 4092 Sangal-

76 4118 143 4166 lens.
156 4115 238 4166 schol.
249 4113 278 4162 in
289 4113 452 4171 Iuvenalem
470 4111 574 4173 rightly,
588 4126 617 4160 ss
629 4110 674 4159 the
686 4109 751 4171 subj.
766 4111 789 4158 is
801 4125 946 4173 necessary.
975 4119 1081 4173 possunt
1095 4111 1118 4159 B
1134 4111 1206 4161 Gott.
1218 4113 1287 4175 vulg.

76 4198 156 4248 Lsch.
255 4197 304 4244 430
315 4197 449 4257 iustaeque
461 4194 553 4244 Iamb.
565 4195 622 4242 first
633 4193 827 4257 tortuosaeque.
863 4194 966 4258 vinique
979 4191 1049 4242 Nice.
1155 4193 1205 4244 437
1221 4209 1288 4256 epre-

76 4285 148 4331 ds'ens
160 4279 229 4328 Flor.
242 4280 273 4326 31
286 4277 375 4326 Osmb.
388 4279 436 4326 etc.
451 4276 491 4325 for
501 4278 625 4337 predieus.
726 4276 775 4325 438
787 4281 845 4323 aut:
862 4274 941 4325 Lech.
956 4289 1039 4324 seems
1055 4278 1083 4324 to
1099 4288 1141 4323 me
1158 4289 1244 4337 wrong
1260 4275 1288 4324 in

76 4361 207 4424 changing
224 4361 277 4410 this
292 4365 319 4409 to
336 4368 419 4424 atque.
503 4360 551 4408 439
563 4374 608 4420 que
621 4357 704 4406 added
714 4357 747 4418 by
760 4357 825 4405 Msr.
837 4356 911 4404 sunt.
924 4356 1008 4417 vulgo
1106 4356 1155 4403 451
1175 4371 1187 4403 e
1207 4356 1285 4408 Lech.
