2842 4860
617 254 672 318 ΠΙ

69 475 76 481 .
125 411 207 476 adde
230 412 316 498 quod
338 414 372 478 in
395 415 501 500 nigras
523 416 662 502 lethargi
684 418 841 502 mergitur
863 418 973 482 undas

169 516 227 579 Nil
249 517 350 601 igitur
371 541 456 584 mors
479 528 527 584 est
550 521 591 584 ad
613 543 671 585 nos
693 544 798 606 neque
820 521 962 605 pertinet
985 521 1097 598 hilum,

125 618 384 704 quandoquidem
406 631 522 685 natura
545 623 645 686 animi
667 624 812 687 mortalis
834 623 981 700 habetur,

126 730 159 786 et
181 723 272 788 velut
295 732 442 789 anteacto
464 726 512 789 nil
534 734 679 810 tempore
702 727 861 791 sensimus
883 727 980 811 aegri,

125 825 166 889 ad
188 826 426 913 confligendum
448 828 654 892 venientibus
675 828 819 913 undique
842 829 965 906 Poenis,

124 930 233 994 omnia
255 954 329 995 cum
352 933 429 996 belli
451 933 576 1018 trepido
599 956 752 997 concussa
773 933 920 997 tumultu

124 1035 253 1099 horrida
274 1045 495 1102 contremuere
518 1038 578 1102 sub
601 1039 675 1101 altis
697 1039 835 1102 aetheris
858 1038 930 1114 oris,

124 1138 159 1200 in
181 1139 344 1225 dubioque
367 1140 455 1204 fuere
478 1149 624 1204 utrorum
647 1140 687 1204 ad
710 1163 809 1225 regna
831 1140 1013 1204 cadendum

125 1240 274 1304 omnibus
295 1242 446 1306 humanis
469 1251 553 1307 esset
575 1250 724 1327 terraque
748 1242 902 1327 marique,

39 1373 41 1378 ¹
125 1341 179 1420 sic,
203 1344 261 1408 ubi
283 1367 347 1408 non
370 1346 497 1422 erimus,
520 1369 593 1410 cum
617 1345 755 1430 corporis
777 1354 876 1430 atque
899 1345 1020 1409 animai

125 1446 296 1511 discidium
319 1449 417 1513 fuerit
441 1449 557 1534 quibus
581 1472 599 1513 e
622 1471 734 1513 sumus
756 1449 865 1513 uniter
886 1450 965 1535 apti,

125 1549 245 1613 scilicet
266 1551 353 1614 hand
376 1551 468 1616 nobis
491 1551 672 1636 quicquam,
695 1551 838 1637 quinon
862 1552 982 1616 erimus
1003 1559 1084 1629 tum,

125 1652 266 1718 accidere
289 1655 419 1719 omnino
441 1656 560 1740 poterit
583 1678 777 1740 sensumque
799 1679 936 1730 movere,

124 1781 190 1823 non
212 1760 239 1824 si
261 1768 347 1825 terra
368 1761 450 1824 mari
472 1760 661 1825 miscebitur
684 1768 716 1824 et
738 1782 827 1823 mare
850 1759 945 1824 caelu.

38 1889 47 1932 J
125 1873 158 1929 et
181 1864 208 1928 si
231 1865 295 1928 iam
317 1875 425 1929 nostro
448 1867 548 1930 sentit
570 1864 609 1929 de
633 1887 761 1949 corpore
784 1873 956 1950 postquam

125 1967 309 2032 distractast
331 1968 433 2031 animi
455 1977 572 2032 natura
594 1968 786 2052 animaeque
808 1976 961 2052 potestas,

123 2071 170 2133 nil
192 2079 303 2134 tamen
326 2079 375 2135 est
397 2070 438 2135 ad
459 2094 517 2135 nos
540 2071 597 2156 qui
619 2080 750 2155 comptu
773 2070 986 2154 coniugioque

126 2174 264 2259 corporis
286 2182 384 2260 atque
407 2175 535 2239 animae
557 2175 761 2239 consistimus
783 2175 892 2239 uniter
914 2175 990 2258 apti.

125 2299 193 2353 nec,
215 2277 242 2341 si
263 2278 433 2341 materiem
457 2285 598 2341 nostram
621 2277 785 2362 collegerit
807 2285 896 2340 aetas

123 2388 196 2465 post
219 2381 344 2445 obitum
367 2371 558 2465 rursumque
580 2381 740 2465 redegerit
763 2389 801 2444 ut
823 2381 887 2445 sita
908 2379 995 2445 nunc
1018 2388 1068 2445 est

124 2490 221 2568 atque
244 2484 364 2548 iterum
386 2484 478 2548 nobis
500 2484 621 2548 fuerint
643 2485 719 2549 data
741 2484 866 2547 lumina
888 2484 984 2561 vitae,

124 2587 286 2670 pertineat
308 2587 480 2672 quicquam
503 2595 613 2651 tamen
635 2586 677 2649 ad
699 2609 757 2650 nos
779 2587 812 2650 id
835 2609 963 2672 quoque
986 2586 1117 2663 factum,

124 2691 306 2775 interrupta
327 2690 427 2754 semel
449 2713 522 2754 cum
545 2690 588 2753 sit
610 2691 791 2775 repetentia
813 2689 923 2754 nostri.

124 2801 157 2856 et
179 2815 265 2856 nunc
288 2793 334 2856 nil
357 2793 397 2857 ad
420 2816 477 2856 nos
500 2793 539 2856 de
562 2792 654 2855 nobis
676 2792 803 2869 attinet,
827 2800 903 2855 ante

123 2896 181 2980 qui
203 2896 332 2973 fuimus,
354 2918 451 2981 oeque
473 2896 538 2959 iam
560 2895 601 2959 de
623 2895 688 2958 illis
710 2917 768 2959 nos
790 2895 900 2958 adficit
922 2916 1029 2980 angor.

123 3020 200 3062 nam
223 3021 296 3063 cum
319 2998 469 3084 respicias
491 2997 630 3062 inmensi
653 2998 807 3082 temporis
828 3020 924 3061 omne

123 3102 335 3187 praeteritum
359 3103 509 3186 spatium,
533 3109 605 3164 tum
627 3110 735 3166 motus
757 3102 905 3165 materiai

124 3206 324 3269 multimodis
346 3227 444 3289 quam
467 3204 542 3280 sint,
565 3204 658 3269 facile
681 3207 741 3269 hoc
763 3205 932 3268 adcredere
955 3205 1064 3290 possis

123 3309 248 3373 semina
270 3330 365 3392 saepe
388 3308 422 3370 in
446 3308 567 3384 eodem,
589 3315 628 3371 ut
649 3330 736 3372 nunc
759 3316 843 3384 sunt,
867 3307 977 3372 ordine
1000 3316 1094 3392 posta

39 3415 98 3494 865
125 3413 204 3477 haec
226 3413 348 3490 eadem,
372 3413 489 3497 quibus
512 3435 529 3476 e
552 3435 639 3476 nunc
661 3435 719 3477 nos
741 3434 861 3489 sumus,
884 3421 960 3476 ante
982 3413 1089 3477 fuisse.

37 3523 55 3581 8
61 3522 99 3601 58
123 3540 183 3582 nec
205 3517 339 3581 memori
361 3526 471 3582 tamen
494 3517 527 3581 id
551 3517 680 3602 quimus
701 3518 954 3602 repraehendere
976 3527 1104 3595 mente3

122 3622 208 3687 inter
230 3622 317 3685 enirn
339 3621 454 3686 iectast
476 3620 557 3686 vitai
578 3644 679 3706 pausa
700 3643 845 3706 vageque
1179 3624 1244 3686 860

67 3808 115 3857 829
132 3808 227 3867 nigros.
266 3806 300 3854 ‘f.
313 3806 417 3869 pigras'
440 3805 531 3854 Heins.
549 3805 578 3854 in
598 3821 646 3855 ms.
667 3809 755 3856 notes:
784 3804 922 3855 Markland
943 3805 1069 3867 proposed
1090 3806 1135 3855 the
1161 3822 1239 3869 same,

33 3891 81 3940 but
99 3888 209 3938 without
228 3904 312 3939 cause.
443 3890 492 3938 835
509 3890 618 3937 aetheris
638 3891 689 3937 oris
706 3889 759 3938 (tif.
777 3889 818 3938 for
831 3890 941 3938 aetheria
956 3890 1042 3950 cartu
1060 3887 1113 3936 and
1125 3903 1153 3937 so
1165 3886 1241 3940 Lucr.

33 3973 130 4034 always
145 3972 230 4019 writes
246 3970 390 4020 elsewhere.
489 3971 537 4020 844
548 3973 704 4020 Distractast
715 3970 786 4018 Nice.
799 3971 839 4018 lor
849 3973 1004 4019 Distractos.
1102 3970 1150 4020 847
1166 3977 1241 4019 mate·

32 4059 97 4108 rtem
107 4054 138 4112 B,
148 4057 280 4103 matritum
296 4053 400 4102 ANioc.
498 4055 546 4102 851
563 4052 851 4115 repetentiaBrightly.
886 4051 1116 4115 repentiaANioo.
1127 4052 1197 4100 Flor.
1209 4053 1240 4101 31

34 4134 125 4184 Gamb.
159 4136 297 4183 retinentia
319 4134 415 4182 Avano.
435 4133 516 4182 Laoh.
556 4135 635 4182 nostrl
657 4132 720 4181 Pius
742 4132 770 4180 in
794 4135 877 4190 notes,
901 4130 953 4180 Gir.
973 4129 1054 4179 Laoh.
1077 4131 1117 4179 for
1139 4134 1240 4180 uostris.

33 4218 105 4266 notis
121 4215 199 4263 Pont.
214 4215 312 4263 Avano.
345 4222 431 4263 nostro
451 4215 516 4262 Mar.
532 4214 606 4262 lunt.
621 4213 690 4276 vulg.
788 4213 836 4261 853
853 4227 932 4274 aeque
944 4208 1026 4260 added
1037 4210 1072 4273 by
1082 4210 1162 4260 Lach.
1196 4227 1240 4261 uec

34 4299 100 4348 Mar.
120 4295 178 4345 Ald.
198 4297 212 4345 1
231 4295 303 4346 Junt.
318 4296 387 4356 vulg.
436 4298 525 4358 adficit
536 4296 605 4344 Flor.
617 4296 648 4344 31
661 4296 733 4344 Mon.
746 4295 822 4345 Pont.
834 4294 875 4343 for
885 4295 984 4356 adfigit.
1083 4293 1131 4342 856
1155 4294 1240 4343 malti-

34 4380 113 4428 modia
135 4376 216 4427 Lach.
238 4376 302 4425 with
323 4375 488 4426 Wakefield’s
507 4379 527 4424 Δ
546 4375 586 4423 for
605 4377 756 4425 multimodi.
854 4375 902 4423 858
921 4372 988 4437 (865)
1006 4372 1163 4422 transferred
1180 4373 1241 4426 hers
