2842 4860
704 240 740 303 II

205 401 261 485 qui
288 400 438 486 quoniam
466 400 604 485 quodam
632 400 811 485 gignuntur
833 400 966 464 luminis
992 401 1068 477 ictu,

205 507 285 569 scire
311 506 397 582 licet,
422 506 491 570 sine
518 528 555 569 eo
579 504 649 568 fieri
675 528 740 569 non
764 527 857 591 posse
883 505 1068 590 putandum
1093 513 1150 570 est.

180 600 181 603 ¹
206 619 239 674 et
262 610 416 695 quoniam
442 610 556 696 plagae
579 609 742 693 quoddam
768 632 871 696 genus
895 611 1016 696 excipit
1039 611 1073 674 in
1099 634 1133 676 se

205 715 338 798 pupula,
363 737 437 778 cum
463 714 583 779 sentire
609 715 746 778 colorem
774 715 894 780 dicitur
918 716 1038 793 album,

104 861 106 864 ψ
206 825 304 902 atque
329 817 418 881 aliud
444 839 546 902 porra
569 816 699 901 nigrum
724 839 798 881 cum
825 825 859 881 et
884 826 992 882 cetera
1015 818 1124 894 sentit,

206 942 265 983 nec
290 921 388 984 refert
412 942 555 1004 eaquae
579 927 695 1005 tangas
719 942 783 1004 quo
810 921 892 984 forte
918 921 1022 985 colore

206 1022 355 1105 praedita
378 1022 452 1097 sint,
475 1045 587 1087 verum
615 1022 704 1106 quali
729 1024 832 1107 magis
858 1032 937 1109 apta
961 1024 1073 1109 figura,

207 1123 286 1187 scire
310 1124 387 1188 licet
410 1124 456 1186 nil
480 1123 647 1208 principiis
672 1146 752 1209 opus
779 1147 847 1189 esse
874 1126 1001 1204 colores,
1154 1119 1156 1124 ⁵

208 1225 263 1290 sed
285 1227 382 1291 variis
408 1227 517 1290 formis
542 1226 704 1291 variantes
729 1227 823 1292 edere
847 1236 962 1294 tactus.

250 1330 422 1396 Praeterea
447 1330 599 1416 quoniam
625 1353 691 1394 non
717 1331 813 1395 certis
842 1340 930 1396 certa
955 1331 1066 1417 figuris

207 1441 256 1497 est
280 1443 397 1499 natura
420 1434 533 1499 coloris
557 1442 591 1498 et
618 1433 726 1498 omnia
748 1434 979 1520 principiorum

207 1538 420 1603 formamenta
442 1547 567 1624 queunt
594 1539 629 1602 in
652 1538 766 1624 quovis
793 1561 861 1604 esse
885 1540 997 1616 nitore,

207 1664 264 1705 cur
287 1665 325 1706 ea
350 1665 434 1728 quae
460 1649 609 1706 constant
635 1664 675 1705 ex
701 1642 765 1706 illis
787 1665 852 1706 non
874 1643 996 1727 pariter
1018 1652 1094 1707 sunt

207 1768 301 1809 omne
327 1768 429 1830 genus
455 1746 585 1830 perfusa
609 1745 767 1809 coloribus
791 1746 827 1808 in
851 1768 969 1832 genere
995 1747 1105 1811 omni?
1165 1781 1168 1787 ·

207 1848 418 1912 conveniebat
442 1849 528 1912 enirn
553 1870 661 1912 corvos
685 1871 813 1933 quoque
840 1871 936 1932 saepe
961 1849 1101 1914 volantis

207 1975 247 2016 ex
272 1953 354 2017 albis
377 1953 488 2017 album
513 1951 623 2037 pinnis
649 1952 769 2016 iactare
798 1952 944 2028 colorem,

208 2065 241 2120 et
264 2057 373 2143 nigros
398 2056 468 2121 fieri
491 2055 583 2143 nigro
608 2055 648 2120 de
673 2056 794 2120 semine
818 2079 932 2141 cycnos

207 2169 265 2224 aut
289 2159 492 2245 alioquovis
516 2181 581 2223 uno
606 2160 758 2244 varioque
782 2161 893 2224 colore.
1134 2184 1144 2204 ·
1264 2164 1323 2242 825

251 2264 339 2343 Quin
365 2264 466 2328 etiam
491 2272 614 2348 quanto
640 2264 676 2327 in
700 2273 809 2349 partes
835 2287 885 2329 res
912 2287 1060 2350 quaeque
1085 2265 1228 2330 minutas

208 2368 399 2433 distrahitur
424 2369 537 2454 magis,
560 2370 620 2433 hoc
644 2369 747 2454 magis
773 2378 885 2434 estut
909 2391 1037 2434 camere
1061 2369 1162 2454 possis

208 2493 395 2536 evanescere
419 2472 578 2558 paulatim
604 2472 790 2558 stinguique
814 2472 970 2552 colorem3

207 2584 245 2639 ut
271 2576 309 2640 fit
334 2576 391 2640 uhi
415 2577 449 2639 in
471 2599 588 2661 parvas
613 2576 714 2661 partis
740 2576 934 2661 discerpitur
959 2584 1122 2640 austrum:

206 2702 349 2764 purpura
371 2679 607 2765 poeniceusque
633 2679 718 2744 color
743 2678 931 2743 clarissimu'
954 2679 1067 2755 multo,
1264 2681 1328 2760 830

206 2782 322 2847 filatim
347 2806 421 2847 cum
444 2783 636 2847 distractum
663 2791 722 2860 est,
747 2782 944 2867 dispergitur
967 2783 1071 2847 omnis
1083 2807 1091 2862 ;

207 2910 336 2952 noscere
360 2896 398 2952 ut
422 2888 498 2952 hinc
521 2887 623 2972 possis
649 2887 739 2971 prius
763 2909 892 2951 omnem
917 2887 1025 2952 efflare
1051 2888 1186 2952 colorem

206 2991 381 3076 particulas
407 3013 504 3077 quam
530 2991 704 3065 discedant¹
723 2990 765 3055 ad
791 2990 916 3055 semina
940 3013 1056 3054 rerum.

251 3096 417 3161 Postremo
441 3096 594 3181 quoniam
619 3118 683 3160 non
708 3095 817 3160 omnia
843 3118 975 3180 corpora
997 3117 1109 3160 vocem

207 3199 339 3264 mittere
362 3200 509 3264 concedis
534 3221 640 3284 neque
665 3199 804 3275 odorem,
829 3207 1001 3284 propterea
1024 3199 1063 3262 fit
1263 3202 1323 3280 835

207 3311 333 3367 utnon
359 3303 508 3368 omnibus
533 3303 700 3368 adtribuas
724 3303 849 3367 sonitus
874 3312 907 3367 et
932 3303 1051 3367 odores

207 3407 252 3470 sic
274 3406 374 3470 oculis
398 3406 551 3491 quoniam
572 3429 637 3469 non
662 3405 771 3470 omnia
794 3428 922 3471 cernere
950 3406 1089 3490 quimus,

207 3510 286 3574 scire
310 3509 387 3573 licet
410 3509 569 3594 quaedam
596 3517 665 3573 tam
689 3517 835 3574 constare
862 3509 940 3573 orba
964 3509 1067 3573 colore

207 3635 304 3697 quam
327 3611 396 3676 sine
418 3612 513 3676 odore
536 3612 602 3676 ullo
625 3612 785 3696 quaedam
807 3610 980 3696 sonituque
1002 3619 1135 3687 remota,

119 3796 190 3856 turpe
206 3808 262 3842 cum
278 3795 331 3842 luce
348 3791 432 3841 which
448 3791 550 3854 maybc
566 3791 645 3853 right.
744 3793 792 3842 809
810 3793 880 3841 Scire
898 3794 964 3842 ticet.
999 3793 1103 3841 Scilicet
1118 3791 1147 3839 id
1163 3789 1255 3839 Lamb.
1289 3797 1326 3840 ert

118 3891 170 3925 om.
183 3875 254 3924 Nico.
363 3875 412 3923 814
422 3877 474 3924 ciat
486 3873 543 3923 Ald.
558 3876 571 3922 1
584 3876 658 3924 Junt.
670 3877 717 3923 not
730 3875 793 3925 Mar.
810 3875 850 3923 for
861 3883 927 3924 nint.
1041 3876 1088 3924 815
1101 3889 1160 3937 opus
1172 3889 1222 3923 ecce
1234 3875 1325 3923 colores

118 3958 210 4009 Lamb.
224 3958 290 4008 after
300 3957 401 4007 Nonius
412 3958 452 4007 for
463 3960 543 4008 colore
555 3959 584 4007 of
593 3973 668 4008 mss:
687 3973 728 4007 sec
739 3958 818 4009 Lach.
958 3959 1005 4007 821
1020 3960 1095 4007 Omne
1106 3972 1182 4018 penus
1194 3955 1271 4006 Lach.
1286 3956 1326 4005 tor

120 4042 279 4101 Omnipaaus,
291 4055 320 4090 as
333 4041 389 4092 759.
424 4042 567 4101 Omnipenis
578 4039 649 4088 Nico.
661 4041 731 4101 vulg.
845 4041 893 4090 829
910 4047 1031 4088 austrum.
1065 4046 1158 4088 ostrum
1167 4037 1243 4086 Wak.
1254 4037 1322 4099 conj.

118 4123 276 4171 foratarum:
293 4121 341 4170 but
357 4120 401 4170 the
417 4120 488 4182 right
504 4122 677 4182 punctuation
693 4121 707 4168 Ι
724 4135 777 4170 owe
795 4123 822 4169 to
843 4120 940 4194 Goebel
956 4123 1055 4182 quaest.
1072 4120 1149 4168 Lucr.
1167 4118 1223 4167 crit.
1241 4133 1266 4180 p.
1286 4119 1325 4176 14,

118 4203 219 4266 though
233 4204 297 4253 Ven.
313 4202 372 4253 Ate.
390 4203 404 4250 1
421 4202 473 4252 and
489 4204 562 4254 Junt.
579 4203 644 4252 have
661 4219 677 4252 a
694 4203 742 4251 full
757 4206 815 4265 stop
831 4204 896 4253 atter
912 4220 1010 4253 aarum.
1043 4218 1122 4252 aurea
1138 4204 1257 4264 Purpura
1273 4201 1327 4250 and

118 4287 167 4336 881
189 4287 314 4335 dictracta
336 4285 376 4334 for
398 4287 547 4334 distructum
567 4285 647 4336 Lach.
672 4283 782 4333 without
806 4284 951 4346 judgment.
988 4299 1078 4333 aarum
1101 4282 1186 4331 which
1208 4280 1326 4343 previous

118 4366 216 4417 editors
232 4365 316 4416 retain
332 4365 380 4415 has
394 4380 429 4414 no
445 4380 528 4415 sense.
561 4382 608 4415 ocu
625 4367 702 4415 Bern.
720 4365 761 4413 for
777 4381 874 4415 aarum.
1012 4365 1059 4412 831
1077 4366 1231 4427 disperpitur
1245 4361 1325 4411 Lach.
