2842 4860
392 787 433 864 Τ.
479 781 724 862 LUORETI
768 781 906 860 oARI

275 1042 365 1126 DE
423 1039 674 1127 RERUM
735 1034 1034 1124 NATURA

485 1333 616 1392 LIBER
644 1332 829 1391 TERTIUS

141 1726 169 1789 E
194 1725 337 1790 tenebris
362 1724 466 1790 tantis
491 1733 561 1790 tam
584 1725 707 1790 clarum
733 1724 888 1789 extollere
911 1725 1022 1790 lumen

140 1829 196 1914 qui
219 1829 343 1914 primus
366 1829 503 1914 potuisti
527 1828 704 1892 inlustrans
728 1828 897 1893 commoda
920 1828 1016 1907 vitae,

142 1942 176 1997 te
202 1955 326 2019 sequor,
350 1956 368 1998 o
396 1933 513 1998 Graiae
539 1932 646 2018 gentis
672 1932 779 2012 decus,
804 1933 905 2018 inque
931 1932 998 1998 tuis
1022 1955 1108 1998 nunc

141 2037 218 2101 ficta
242 2036 364 2122 pedum
390 2058 475 2121 pono
499 2036 616 2122 pressis
630 2036 770 2123 vestigia
795 2036 903 2121 signis,

142 2161 207 2202 non
232 2139 282 2204 ita
304 2139 451 2204 certandi
476 2138 613 2224 cupidus
636 2161 735 2223 quam
760 2147 892 2224 propter
915 2161 1057 2204 amorem
1242 2155 1258 2221 5

141 2243 228 2327 quod
254 2251 288 2308 te
311 2243 435 2308 imitari
458 2265 556 2322 ave03
587 2241 666 2327 quid
692 2242 781 2307 enim
804 2242 981 2308 contendat
1004 2242 1145 2309 hirundo

142 2344 258 2430 cycnis,
282 2353 341 2410 aut
370 2345 527 2431 quidnam
551 2344 699 2409 tremulis
723 2345 827 2410 facere
850 2345 985 2410 artubus
1008 2345 1105 2412 haedi

141 2450 306 2515 consimile
329 2449 363 2513 in
387 2473 482 2515 cursu
506 2449 631 2536 possint
655 2458 690 2516 et
713 2451 806 2516 fortis
830 2450 907 2535 equi
929 2451 1001 2516 vis?

143 2563 189 2631 tu,
211 2563 313 2639 pater,
339 2577 373 2619 es
397 2577 505 2619 rerum
529 2555 688 2631 inventor,
712 2562 751 2620 tu
774 2554 882 2638 patria
904 2554 997 2619 nobis

142 2660 330 2744 suppeditas
353 2667 535 2744 praecepta,
558 2658 689 2744 tuisque
712 2681 762 2736 ex,
787 2658 920 2735 inclute,
944 2659 1074 2737 chartis,
1224 2679 1263 2727 10

142 2759 287 2826 floriferis
310 2769 349 2825 ut
371 2783 449 2846 apes
472 2761 507 2825 in
531 2760 669 2825 saltibus
690 2760 799 2825 omnia
822 2761 936 2839 libant,

142 2864 251 2931 omnia
273 2889 331 2931 nos
354 2865 469 2930 itidem
493 2865 696 2950 depascimur
718 2888 817 2930 aurea
840 2865 937 2944 dicta,

142 2994 247 3048 aurea,
271 2978 430 3056 perpetua
454 2993 581 3056 semper
606 2969 794 3055 dignissima
819 2969 895 3034 vita

144 3097 220 3140 nam
246 3074 343 3139 simul
369 3097 407 3139 ac
432 3074 515 3138 ratio
541 3083 600 3139 tua
625 3073 733 3159 coepit
757 3072 924 3138 vociferari

144 3187 293 3244 naturam
319 3201 436 3254 rerum,
450 3177 561 3242 divina
586 3185 696 3242 mente
722 3185 839 3255 coorta,

144 3281 321 3368 diffugiunt
344 3281 445 3345 animi
468 3289 613 3359 terrores,
637 3280 766 3346 moenia
788 3280 905 3345 mundi

145 3386 322 3463 discedunt,
345 3393 453 3450 totum
477 3385 571 3449 video
594 3407 653 3470 per
675 3384 772 3450 inane
795 3385 864 3472 geri
880 3407 946 3450 res.

146 3498 280 3576 apparet
306 3489 418 3554 divum
443 3513 565 3554 numen
590 3489 747 3575 sedesque
772 3489 902 3575 quietae
930 3488 932 3493 ’

145 3616 225 3680 quas
249 3615 353 3679 neque
383 3593 573 3659 concutiunt
595 3593 687 3657 venti
712 3614 771 3656 nec
796 3592 910 3657 nubila
935 3592 1054 3658 nimbis

146 3706 322 3785 aspergunt
347 3721 451 3784 neque
477 3698 534 3762 nix
560 3697 626 3762 acri
652 3704 800 3762 concreta
824 3697 942 3783 pruina
1223 3716 1265 3765 20

147 3823 227 3866 cana
252 3800 368 3866 cadens
393 3801 494 3868 violat
519 3811 705 3887 semperque
730 3800 897 3866 innubilus
922 3801 1035 3866 aether

94 3972 107 4021 1
128 3973 153 4020 E
170 3969 240 4019 Mon.
259 3967 329 4019 Brix.
347 3968 405 4018 Ver.
422 3968 488 4019 Ven.
505 3969 545 4020 lor
562 3971 583 4019 0
600 3969 629 4019 of
644 3968 668 4018 A
684 3967 757 4021 Vien.
780 3969 844 4031 trag.
882 3983 935 4021 om.
956 3969 979 4019 B
998 3969 1068 4020 Nico.
1101 3972 1123 4020 Α
1143 3970 1213 4021 Flor.
1234 3972 1265 4022 31

60 4054 151 4105 (lamb.
249 4052 280 4101 11
298 4054 380 4102 libant
397 4051 493 4104 Avano.
513 4053 623 4115 Naugar.
642 4050 693 4103 Gir.
714 4051 795 4102 Lach.
812 4052 853 4102 lor
866 4054 964 4102 limant.
998 4057 1048 4102 ‘an
1067 4051 1150 4115 magis
1170 4055 1266 4103 libam’

61 4136 126 4186 Mar.
243 4134 275 4182 15
292 4141 377 4183 coorta
394 4132 474 4182 Orelli
490 4133 570 4185 Lach.
594 4134 635 4183 lor
655 4141 773 4183 coortam.
888 4134 920 4182 21
943 4148 1084 4196 semperque
1106 4133 1176 4186 Nico.
1200 4149 1266 4184 corr.

61 4216 129 4266 Flor.
150 4215 181 4265 31
199 4213 290 4264 (lamb.
307 4213 367 4263 Vat.
385 4214 448 4264 1136
470 4215 523 4265 and
545 4214 609 4266 1954
629 4213 724 4266 Othob.
747 4213 826 4264 Pont.
847 4214 914 4265 Mar.
930 4214 1005 4264 June.
1021 4215 1113 4265 Lamb.
1129 4215 1210 4266 Lech.
1228 4216 1268 4265 lor

10 4356 12 4365 Ι
61 4313 162 4362 semper.
197 4300 361 4362 temperatae
379 4300 485 4348 nubibus
502 4297 559 4348 Ald.
578 4299 601 4360 1,
620 4299 729 4348 because
745 4296 813 4355 Van,
830 4295 884 4347 and
900 4295 965 4346 Ven.
982 4310 1018 4345 on
1034 4296 1119 4346 which
1136 4297 1192 4348 alu.
1214 4298 1227 4347 1
1245 4297 1278 4348 is-
