2842 4860
654 254 705 321 VI

158 422 288 494 crescat,
311 415 368 480 ubi
390 415 425 479 in
447 438 577 501 campos
599 415 688 480 albas
711 414 904 480 descendere
926 415 1064 503 ningues

157 518 297 584 tabificis
320 520 443 607 subigit
465 520 563 586 radiis
585 521 632 585 sol
655 519 764 585 omnia
785 521 932 587 lustrans.

201 623 299 688 Nunc
321 646 390 710 age,
412 625 543 689 Averna
565 624 627 688 tibi
650 647 732 710 quae
755 624 820 689 sint
843 626 912 690 loca
933 627 1244 715 cumque-lacusque

156 728 335 812 expediam,
358 729 446 816 quali
467 738 586 795 natura
606 730 754 815 praedita
775 717 931 796 constent.

105 914 107 918 Α
155 830 313 917 principio
335 833 421 918 quod
442 832 573 897 Averna
594 840 749 897 vocantur
771 833 909 912 nomine,
931 833 966 898 id
987 835 1028 899 ab
1052 858 1086 900 re
1214 854 1278 921 740

155 933 373 1019 inpositumst‚
397 936 474 1022 quia
496 945 573 1002 sunt
595 936 710 1002 avibus
733 939 892 1003 contraria
914 940 1046 1019 cunctis,

156 1061 174 1102 e
197 1040 327 1126 regione
350 1063 388 1105 ea
411 1043 497 1128 quod
519 1043 588 1107 loca
610 1066 684 1107 cum
706 1066 823 1108 venere
845 1045 1000 1122 volantes,

155 1143 270 1229 remigi
293 1144 411 1209 oblitae
435 1168 614 1231 pennarum
637 1146 709 1210 vela
732 1145 906 1211 remittunt

155 1245 410 1332 praecipitesque
434 1247 554 1312 cadunt
576 1248 667 1312 molli
689 1249 810 1314 cervice
834 1251 981 1334 profusae

154 1348 189 1412 in
212 1356 340 1429 terram,
363 1351 390 1415 si
412 1352 493 1416 forte
516 1351 564 1415 ita
585 1354 648 1417 fert
670 1360 788 1416 natura
810 1354 959 1432 locorum,
1212 1369 1272 1438 745

154 1459 212 1516 aut
234 1453 269 1517 in
291 1476 417 1539 aquam,
439 1453 467 1518 si
489 1455 570 1519 forte
593 1455 681 1519 lacus
703 1457 886 1520 substratus
908 1456 1066 1523 Avemist.

152 1557 180 1621 is
203 1557 290 1622 locus
312 1566 361 1623 est
385 1559 504 1624 Cumas
526 1567 615 1645 aput,
638 1560 703 1624 acri
726 1561 857 1646 sulpure
879 1570 1006 1627 montes

154 1662 277 1746 oppleti
300 1663 411 1728 calidis
433 1663 490 1728 ubi
512 1665 640 1728 fumant
662 1664 806 1729 fontibus
828 1665 923 1729 aucti

153 1775 203 1832 est
226 1776 260 1832 et
282 1767 461 1832 Athenaeis
482 1766 517 1830 in
539 1767 717 1844 moenibus,
741 1767 822 1832 arcis
844 1767 879 1831 in
901 1767 970 1854 ipso

153 1871 281 1947 vertice,
305 1871 444 1936 Palladis
466 1871 509 1935 ad
530 1873 690 1957 templum
713 1872 889 1937 Tritonidis
911 1874 1024 1951 almae,

153 1998 217 2060 quo
239 1998 417 2061 numquam
440 1976 555 2061 pennis
577 1976 746 2062 appellunt
769 1999 900 2062 corpora
921 2000 1036 2043 raucae

153 2079 301 2157 cornices
323 2103 388 2145 non
410 2104 484 2146 cum
507 2082 634 2145 fumant
657 2082 772 2146 altaria
794 2081 905 2146 donis:

154 2206 255 2269 usque
278 2184 357 2248 adeo
380 2184 523 2271 fugitant
546 2207 610 2249 non
632 2185 696 2249 iras
720 2185 860 2250 Palladis
882 2185 963 2250 acris

152 2285 302 2373 pervigili
324 2309 427 2364 causa,
450 2287 584 2352 Graium
607 2294 646 2351 ut
669 2287 812 2352 cecinere
834 2295 959 2373 poetae,
1057 2273 1059 2277 ⁵

152 2390 210 2453 sed
230 2399 348 2455 natura
370 2391 431 2455 loci
453 2414 512 2476 ope
535 2390 653 2456 sufficit
675 2391 746 2477 ipsa
767 2399 890 2477 suapte.

151 2493 187 2556 in
202 2493 304 2579 ‚Syria
325 2517 452 2580 quoque
475 2495 578 2559 fertur
598 2494 679 2559 item
702 2495 789 2559 locus
812 2518 880 2559 esse
903 2493 1012 2572 videri,

148 2598 361 2683 quadripedes
383 2621 510 2684 quoque
534 2621 597 2685 quo
620 2598 776 2663 simulac
799 2599 938 2685 vestigia
960 2598 1103 2683 primurn

151 2700 331 2779 intulerint,
353 2702 496 2788 graviter
517 2703 565 2767 vis
588 2711 681 2789 cogat
704 2703 868 2768 concidere
889 2703 970 2789 ipsa,

151 2805 301 2870 manibus
323 2815 362 2870 ut
384 2807 411 2871 si
433 2807 499 2871 sint
522 2807 604 2872 divis
626 2815 769 2872 mactata
790 2815 932 2893 repente.

151 2909 259 2975 omnia
280 2933 363 2996 quae
385 2911 527 2976 naturali
548 2912 672 2976 ratione
694 2920 861 2998 geruntur,
1210 2911 1274 2993 760

64 3173 306 3238 Lachadoptsd'it.
373 3177 421 3227 736
433 3177 577 3227 descendere
589 3175 680 3225 Iamb.
691 3175 731 3224 for
739 3176 863 3226 decedere.
931 3176 979 3226 740
991 3175 1064 3238 quod.
1093 3188 1140 3236 quo
1151 3172 1275 3224 Lacth

63 3269 122 3304 now
130 3255 207 3305 think
215 3255 272 3305 him
279 3271 374 3318 wrong.
408 3259 516 3320 quod...‚
525 3273 612 3307 nonan
620 3259 649 3306 id
656 3256 725 3305 Flor.
736 3257 767 3304 31
777 3257 842 3306 Mar.
851 3254 909 3304 Ald.
919 3255 933 3304 1
943 3255 959 3304 J
961 3259 1016 3305 unt.
1023 3253 1091 3316 vulg.
1101 3253 1188 3303 before
1196 3253 1269 3304 Wak.

63 3351 152 3386 nomeu
163 3339 248 3386 cornis
260 3336 366 3386 Gervas.
379 3335 582 3386 Tilleberiensis:
601 3351 644 3386 see
655 3336 736 3386 Lach.
820 3336 868 3388 743
877 3336 987 3395 Remigii
1000 3333 1065 3384 Mar.
1079 3333 1162 3391 dunt,
1175 3334 1274 3393 Remigc‘

64 3422 158 3470 oblitae
169 3420 250 3470 Lach.
262 3420 302 3469 for
313 3423 427 3484 Remigio
439 3422 542 3471 oblitae.
616 3422 663 3472 746
674 3422 814 3470 substratus
825 3420 896 3468 Brix.
908 3419 1004 3468 Avanc.
1016 3419 1134 3479 Nauger.‚
1146 3417 1275 3465 subiratus

64 3501 223 3567 (substratus)
233 3502 291 3553 Ver.
301 3502 365 3552 Vcn.
373 3503 414 3552 for
422 3505 558 3552 subiratus.
581 3505 700 3553 Avernist
708 3502 766 3560 Ed,
773 3501 903 3551 Avemw'st
911 3499 1011 3558 bamb,
1021 3499 1061 3548 for
1068 3499 1169 3548 Averni.
1191 3494 1272 3546 Lach.

64 3583 161 3637 inserts
172 3593 208 3634 est
220 3584 305 3635 before
313 3588 336 3634 si
344 3587 428 3648 fortc3
445 3585 493 3635 but
505 3585 550 3635 the
560 3600 669 3648 passage
680 3584 713 3634 hs
721 3587 813 3647 quotes
825 3583 854 3633 in
866 3585 974 3646 support
985 3582 1008 3632 is
1020 3584 1067 3630 not
1077 3594 1149 3629 more
1159 3578 1188 3628 in
1199 3576 1274 3641 point

64 3667 131 3715 than
148 3665 192 3716 the
209 3681 258 3716 one
273 3666 306 3717 he
323 3668 387 3718 cites
404 3667 432 3717 in
448 3669 539 3718 favour
554 3669 583 3717 of
598 3676 643 3717 out
658 3682 701 3716 sea
716 3667 744 3716 in
756 3682 784 3717 1v
795 3668 842 3716 303
856 3666 935 3730 (327),
947 3664 991 3714 the
1007 3667 1088 3713 matre
1103 3662 1176 3712 there
1186 3659 1274 3721 ruling

64 3748 111 3799 the
122 3748 196 3799 order
207 3750 236 3798 of
246 3748 290 3799 the
301 3749 393 3799 words.
478 3751 606 3802 7471813.
641 3748 807 3798 HisANicc.
840 3750 895 3797 ucri
906 3749 1005 3810 subare
1018 3747 1129 3798 Salmas.
1141 3745 1233 3794 Heins.
1245 3744 1274 3793 in

65 3846 114 3881 ms.
127 3834 209 3892 notes,
222 3833 258 3882 Is.
268 3833 342 3882 Voss.
352 3834 380 3882 in
389 3849 437 3882 ms.
450 3837 534 3891 notes,
546 3834 632 3883 Bentl.
645 3833 685 3882 for
697 3835 748 3882 ceri
759 3835 855 3896 aripert
873 3831 917 3881 the
928 3830 1047 3893 readings
1058 3830 1086 3878 of
1096 3829 1167 3879 older
1177 3828 1273 3878 editors

65 3929 110 3964 are
121 3918 164 3964 too
176 3915 272 3964 absurd
282 3918 310 3964 to
321 3916 446 3964 mention.
481 3923 572 3965 montes
583 3915 613 3975 B,
627 3917 717 3964 amatia
728 3914 751 3962 Α
762 3914 830 3964 Nicc.
846 3912 932 3962 which
942 3912 966 3961 is
978 3911 1102 3974 probably
1113 3910 1183 3960 what
1194 3910 1271 3960 Lucr.

64 3999 150 4044 wrote.
184 3995 236 4042 For
247 3998 441 4046 montes...aucti
456 3995 549 4044 Heins.
562 3996 678 4056 suggests
690 3996 879 4056 olentes...ugri.
989 3993 1037 4044 749
1053 3994 1102 4041 Eat
1118 3998 1149 4040 ct.
1183 3992 1232 4038 Est
1245 3996 1275 4038 ut

64 4075 144 4124 Lach.
157 4074 299 4124 intolerant
311 4076 340 4125 of
350 4084 374 4126 et
386 4076 426 4125 for
437 4079 522 4127 etiam.
624 4077 671 4127 755
683 4091 726 4139 ope
738 4078 828 4139 mffieit
839 4074 888 4124 ad.
901 4075 942 4123 for
953 4089 1012 4137 opus
1025 4075 1111 4136 efficit:
1129 4074 1274 4132 atranspo:

65 4158 145 4207 sition
156 4157 185 4206 of
200 4159 262 4221 only
273 4162 324 4208 two
335 4158 437 4210 letters:
457 4174 541 4222 comp.
555 4158 656 4211 111374.
690 4160 717 4207 vi
729 4160 783 4207 ibus
799 4159 875 4220 officit
890 4157 984 4207 Lach:
1005 4170 1021 4205 a
1036 4154 1117 4204 harah
1134 4152 1186 4203 and
1202 4152 1274 4202 inad-

63 4241 179 4291 missible
196 4241 301 4293 elision:
323 4257 363 4292 see
379 4243 410 4294 L.
428 4243 536 4293 Mueller
552 4242 583 4293 de
600 4257 627 4292 re
643 4245 718 4293 metr.
737 4257 762 4304 p.
777 4242 833 4292 284.
870 4243 918 4291 loct
936 4242 980 4290 hoc
997 4255 1057 4302 opus
1073 4238 1168 4288 Avanc.
1181 4236 1271 4288 Lamb.

62 4332 159 4386 suapte.
193 4339 240 4372 sua
254 4327 281 4373 vi
296 4324 386 4375 Lamb.
501 4327 549 4377 759
560 4328 584 4373 si
594 4328 646 4375 siat
658 4327 725 4376 diois
736 4331 855 4374 mactatu.
889 4325 912 4373 af
923 4324 958 4386 fit
972 4323 1037 4371 divis
1047 4319 1166 4369 coactatu'
1178 4317 1273 4370 Lach.:

63 4420 99 4456 an
118 4405 245 4457 awkward
264 4406 316 4457 and
335 4408 505 4458 uncalled-for
525 4408 636 4471 change:
661 4422 703 4457 sec
720 4423 746 4457 rv
763 4407 820 4458 934.
859 4408 893 4472 fit
913 4419 995 4454 seems
1013 4403 1106 4468 hardly
1122 4401 1210 4464 Latin,
1230 4401 1274 4452 the
