2842 4860
170 407 290 493 partim
314 407 447 471 concilio
469 430 552 493 quae
576 414 725 472 constant
747 407 984 493 principiorum.

171 510 229 576 sed
249 533 333 596 quae
356 519 433 575 sunt
455 532 563 574 rerum
585 511 768 595 primordia,
791 511 882 575 nulla
903 519 1011 597 potest
1033 511 1081 576 vis

172 616 355 701 stinguere3
380 638 457 679 narn
480 615 582 679 solido
604 615 740 680 vincunt
762 637 800 680 ea
823 638 953 700 corpore
971 616 1112 683 demum.

172 720 235 789 etsi
256 720 386 785 difficile
408 742 477 785 esse
499 720 629 784 videtur
651 720 779 810 credere
802 720 977 806 quicquam

171 823 206 886 in
228 824 323 888 rebus
346 824 448 888 solido
469 823 603 908 reperiri
625 845 755 908 corpore
777 846 879 908 posse.

173 927 290 991 transit
313 927 401 990 enim
422 927 548 990 fulmen
570 926 651 990 caeli
672 949 731 1012 per
752 935 865 1012 saepta
887 926 1064 1007 domorum,

172 1030 293 1094 clamor
314 1040 353 1095 ut
374 1053 411 1095 ac
432 1054 543 1110 voces3
573 1033 694 1096 sermm
716 1031 879 1095 candescit
901 1031 937 1094 in
959 1031 1028 1117 igni

173 1134 400 1219 dissiliuntque
423 1136 489 1199 fero
512 1135 671 1198 ferventia
693 1156 772 1198 saxa
793 1157 929 1219 vapore3

173 1247 245 1302 turn
267 1238 481 1302 labefactatus
503 1237 588 1322 rigor
610 1237 680 1301 auri
703 1237 839 1302 solvitur
860 1245 971 1318 aestu;

173 1351 245 1404 tum
267 1340 386 1426 glacies
408 1341 490 1404 aeris
513 1340 645 1404 flamma
666 1340 794 1404 devicta
815 1340 986 1425 liquescit3

174 1453 342 1530 permanat
364 1445 450 1509 calor
471 1453 645 1530 argentum
666 1445 898 1530 penetraleque
921 1445 1031 1531 frigus,

174 1547 303 1632 quando
325 1555 503 1632 utrumque
526 1570 625 1612 manu
648 1548 826 1613 retinentes
848 1548 964 1634 pocula
985 1550 1048 1614 rite

174 1652 333 1716 sensimus
354 1651 461 1715 infuso
483 1652 692 1736 lympharum
714 1675 785 1717 rore
807 1674 954 1737 superne.

174 1777 276 1841 usque
299 1754 379 1820 adeo
402 1755 437 1819 in
458 1755 555 1819 rebus
577 1754 671 1819 solidi
693 1755 740 1819 nil
762 1778 832 1820 esse
854 1756 992 1821 videtur.

175 1860 231 1924 sed
253 1861 331 1944 quia
352 1882 429 1924 vera
450 1870 561 1924 tamen
583 1860 667 1924 ratio
689 1869 873 1945 naturaque
895 1882 1004 1925 rerum

175 1964 268 2048 cogit,
292 1963 376 2042 ades
398 1964 511 2049 paucis
533 1963 612 2028 dum
634 1964 780 2029 versibus
802 1965 1014 2050 expediamus

175 2090 242 2132 esse
266 2090 304 2132 ea
327 2090 409 2153 quae
432 2067 532 2132 solido
555 2077 654 2153 atque
677 2077 809 2133 aeterno
832 2090 964 2153 corpore
986 2077 1144 2149 constent,
1234 2087 1298 2154 500
1374 2112 1376 2117 -

85 2180 89 2190 “
175 2170 299 2236 semina
321 2193 403 2256 quae
426 2193 535 2235 rerum
557 2171 798 2256 primordiaque
821 2194 890 2236 esse
912 2171 1072 2252 docemus,

175 2273 262 2338 unde
285 2273 390 2338 omnis
411 2295 518 2338 rerum
541 2296 628 2339 nunc
650 2282 777 2338 constet
798 2297 926 2339 summa
947 2284 1063 2344 creata

217 2378 379 2462 Principio
401 2377 555 2461 quoniam
577 2377 699 2461 duplex
722 2385 839 2443 natura
862 2379 1001 2443 duarum

175 2483 340 2546 dissimilis
362 2504 470 2545 rerum
492 2481 587 2566 longe
611 2489 757 2557 constare
779 2491 948 2567 repertast,

175 2586 315 2672 corporis
336 2593 436 2670 atque
458 2585 528 2660 loci,
552 2608 603 2650 res
625 2586 660 2649 in
683 2608 747 2671 quo
770 2609 919 2672 quaeque
941 2596 1107 2673 geruntur,
1237 2605 1296 2674 505

176 2713 245 2755 esse
268 2697 441 2774 utramque
464 2690 527 2754 sibi
548 2713 607 2775 per
629 2713 663 2756 se
686 2713 867 2777 puramque
889 2701 1060 2758 necessest.

175 2817 252 2858 narn
274 2816 478 2879 quacumque
500 2803 594 2859 vacat
617 2796 770 2880 spatium,
792 2796 880 2881 quod
903 2796 1000 2860 inane
1022 2819 1183 2877 vocamus,

176 2919 289 2982 corpus
312 2919 351 2961 ea
371 2919 438 2960 non
460 2906 529 2978 est;
556 2921 621 2983 qua
642 2920 735 2983 porro
757 2921 897 2985 cumque
919 2907 1012 2964 tenet
1034 2923 1068 2965 se

176 3023 300 3086 corpus,
323 3023 362 3065 ea
383 3022 522 3064 vacuum
544 3023 752 3087 nequaquam
775 3010 901 3067 constat
923 3002 1028 3070 inane.

178 3114 254 3170 sunt
275 3105 377 3190 igitur
399 3105 500 3169 solida
522 3128 559 3169 ac
582 3106 651 3170 sine
674 3107 765 3170 inani
789 3130 921 3192 corpora
946 3108 1061 3193 prima.
1238 3123 1301 3192 510

176 3218 343 3294 praeterea
362 3209 517 3294 quoniam
537 3210 657 3294 genitis
674 3210 709 3274 in
732 3211 828 3276 rebus
847 3213 986 3289 inanest,

176 3313 347 3378 materiem
368 3314 488 3377 circum
511 3313 646 3378 solidam
667 3322 815 3379 constare
834 3322 1004 3393 necessest,

176 3439 236 3481 nec
256 3438 306 3481 res
325 3417 393 3480 ulla
411 3425 520 3502 potest
540 3440 616 3482 vera
635 3418 761 3483 ratione
781 3419 910 3503 probari

177 3542 308 3605 corpore
329 3519 426 3584 inane
449 3542 506 3584 suo
529 3520 633 3585 celare
656 3530 756 3606 atque
778 3521 869 3605 intus
890 3522 1020 3601 habere,

177 3625 206 3688 si
228 3647 300 3702 non,
323 3626 409 3711 quod
433 3626 571 3702 cohibet,
593 3625 733 3690 solidum
756 3634 902 3690 constare
923 3626 1096 3713 relinquas
1239 3642 1298 3709 515

177 3728 213 3794 id
233 3751 326 3814 porro
350 3729 397 3793 nil
420 3751 489 3797 esse
511 3738 620 3814 potest
642 3729 707 3794 nisi
729 3730 878 3794 materiai

87 3907 184 3952 conam
195 3899 298 3949 ANicc.
331 3899 460 3948 comtatB
473 3898 546 3948 Gott.
636 3898 1176 3962 40400οΒ0011.001111000101000.
1253 3901 1302 3952 486

89 3985 224 4044 Stinpoerc
236 3981 289 4030 AB.
324 3983 452 4042 Striuqere
464 3980 487 4029 A
498 3994 562 4029 corr.
575 3978 645 4033 Nice.
658 3980 711 4029 and
722 3980 758 4029 011
769 3980 837 4030 later
847 3995 910 4030 mss.
922 3979 974 4030 and
985 3980 1039 4029 eds.
1048 3981 1135 4030 before
1145 3981 1238 4032 Lach.:
1255 3983 1303 4034 bnt

88 4066 159 4116 Flor.
174 4065 206 4114 30
222 4062 272 4112 has
289 4064 421 4126 Stinpuere
437 4063 466 4112 in
483 4078 563 4125 marg.
664 4065 713 4115 489
728 4065 828 4128 fulmen
846 4064 947 4112 Acorr.
967 4064 990 4112 B
1007 4077 1071 4114 corr.
1090 4063 1161 4113 Nice.
1178 4078 1241 4116 corr.
1261 4064 1303 4116 lor

85 4149 189 4211 flumen.
222 4145 303 4195 Lach.
321 4146 453 4208 strangely
468 4146 544 4196 reads
561 4147 665 4206 caelum,
679 4163 707 4210 p.
725 4163 748 4197 a.
765 4149 889 4196 domorum
908 4147 946 4194 Ol.
964 4148 995 4207 it,
1014 4160 1042 4195 as
1059 4144 1141 4195 ifthe
1157 4145 1205 4208 air,
1223 4146 1303 4199 111100

88 4233 166 4280 stone
182 4227 248 4288 wall,
266 4242 330 4277 were
347 4243 363 4277 a
379 4228 445 4289 good
460 4227 579 4277 instance
595 4229 624 4276 ot
637 4243 653 4277 a
664 4243 724 4290 very
736 4226 803 4277 solid
814 4226 905 4289 thing:
923 4227 959 4275 all
969 4241 1033 4275 mss.
1044 4225 1110 4276 have
1121 4229 1186 4276 caeti
1197 4227 1249 4277 and
1263 4237 1301 4279 ut.

86 4328 118 4362 00
138 4311 236 4361 Avane.
255 4309 313 4359 first
331 4309 372 4358 for
389 4311 430 4360 ad.
535 4310 582 4361 491
596 4311 728 4372 ferventia
746 4310 812 4359 Mar.
833 4310 906 4360 Junt.
926 4306 978 4357 and
994 4308 1085 4357 Lamb.
1103 4307 1142 4360 ed.
1162 4309 1177 4358 l
1194 4309 1235 4358 for
1246 4313 1300 4374 ser·

86 4394 166 4444 venti.
301 4393 348 4442 492
360 4399 412 4442 tum
422 4391 493 4444 Bria
508 4393 565 4445 Ver.
580 4393 644 4443 Ven.
656 4394 697 4444 for
707 4407 770 4443 cum.
902 4393 950 4441 500
961 4397 1073 4441 comtent
1083 4390 1106 4440 B
1117 4405 1182 4442 0011.
1195 4391 1235 4442 lor
1246 4408 1301 4444 corr·
