<?xml version="1.0" encoding="UTF-8"?>
<!DOCTYPE html PUBLIC "-//W3C//DTD XHTML 1.0 Transitional//EN"
    "http://www.w3.org/TR/xhtml1/DTD/xhtml1-transitional.dtd">
<html xmlns="http://www.w3.org/1999/xhtml" xml:lang="en" lang="en">
 <head>
  <title>
</title>
<meta http-equiv="Content-Type" content="text/html;charset=utf-8" />
  <meta name='ocr-system' content='tesseract 3.04.00' />
  <meta name='ocr-capabilities' content='ocr_page ocr_carea ocr_par ocr_line ocrx_word'/>
</head>
<body>
  <div class='ocr_page' id='page_1' title='image "./tlucreticarider01munrgoog_0069.png"; bbox 0 0 2842 4860; ppageno 0'>
   <div class='ocr_carea' id='block_1_1' title="bbox 28 388 1369 3900">
    <p class='ocr_par' dir='ltr' id='par_1_1' title="bbox 221 388 1171 1097">
     <span class='ocr_line' id='line_1_1' title="bbox 245 388 1080 475; baseline 0.004 -21"><span class='ocrx_word' id='word_1_1' title='bbox 245 388 377 475; x_wconf 91' lang='lat' dir='ltr'>quod</span> <span class='ocrx_word' id='word_1_2' title='bbox 352 411 380 453; x_wconf 92' lang='lat' dir='ltr'>s1</span> <span class='ocrx_word' id='word_1_3' title='bbox 401 389 483 454; x_wconf 87' lang='lat' dir='ltr'>forte</span> <span class='ocrx_word' id='word_1_4' title='bbox 505 388 630 475; x_wconf 86' lang='lat' dir='ltr'>aliquis,</span> <span class='ocrx_word' id='word_1_5' title='bbox 652 410 727 454; x_wconf 92' lang='lat' dir='ltr'>curn</span> <span class='ocrx_word' id='word_1_6' title='bbox 749 410 882 475; x_wconf 90' lang='lat' dir='ltr'>corpora</span> <span class='ocrx_word' id='word_1_7' title='bbox 903 389 1080 470; x_wconf 80' lang='lat' dir='ltr'><strong>dissiluere,</strong></span> 
     </span>
     <span class='ocr_line' id='line_1_2' title="bbox 245 492 1039 580; baseline 0.001 -22.019"><span class='ocrx_word' id='word_1_8' title='bbox 245 502 316 558; x_wconf 90' lang='lat' dir='ltr'>tum</span> <span class='ocrx_word' id='word_1_9' title='bbox 338 516 383 580; x_wconf 90' lang='lat' dir='ltr'>pu</span> <span class='ocrx_word' id='word_1_10' title='bbox 384 499 434 558; x_wconf 88' lang='lat' dir='ltr'>tat</span> <span class='ocrx_word' id='word_1_11' title='bbox 384 492 489 557; x_wconf 88' lang='lat' dir='ltr'>tid</span> <span class='ocrx_word' id='word_1_12' title='bbox 512 492 582 557; x_wconf 91' lang='lat' dir='ltr'>fieri</span> <span class='ocrx_word' id='word_1_13' title='bbox 603 492 682 578; x_wconf 87' lang='lat' dir='ltr'>quia</span> <span class='ocrx_word' id='word_1_14' title='bbox 703 514 737 557; x_wconf 92' lang='lat' dir='ltr'>se</span> <span class='ocrx_word' id='word_1_15' title='bbox 760 493 955 559; x_wconf 75' lang='lat' dir='ltr'>condenseat</span> <span class='ocrx_word' id='word_1_16' title='bbox 977 517 1039 573; x_wconf 90' lang='lat' dir='ltr'>aer,</span> 
     </span>
     <span class='ocr_line' id='line_1_3' title="bbox 244 570 1171 680; baseline 0.001 -19"><span class='ocrx_word' id='word_1_17' title='bbox 244 604 348 676; x_wconf 82' lang='lat' dir='ltr'>errat3</span> <span class='ocrx_word' id='word_1_18' title='bbox 376 618 454 662; x_wconf 90' lang='lat' dir='ltr'>nam</span> <span class='ocrx_word' id='word_1_19' title='bbox 475 617 614 660; x_wconf 90' lang='lat' dir='ltr'>vacuum</span> <span class='ocrx_word' id='word_1_20' title='bbox 637 604 710 660; x_wconf 87' lang='lat' dir='ltr'>turn</span> <span class='ocrx_word' id='word_1_21' title='bbox 732 595 771 660; x_wconf 87' lang='lat' dir='ltr'>fit</span> <span class='ocrx_word' id='word_1_22' title='bbox 793 595 881 680; x_wconf 94' lang='lat' dir='ltr'>quod</span> <span class='ocrx_word' id='word_1_23' title='bbox 902 619 966 661; x_wconf 90' lang='lat' dir='ltr'>non</span> <span class='ocrx_word' id='word_1_24' title='bbox 990 598 1053 664; x_wconf 88' lang='lat' dir='ltr'>fuit</span> <span class='ocrx_word' id='word_1_25' title='bbox 1075 570 1171 663; x_wconf 78' lang='lat' dir='ltr'>ante</span> 
     </span>
     <span class='ocr_line' id='line_1_4' title="bbox 221 699 1106 785; baseline 0.001 -20"><span class='ocrx_word' id='word_1_26' title='bbox 221 706 223 712; x_wconf 82' lang='grc'><em>’</em></span> <span class='ocrx_word' id='word_1_27' title='bbox 244 709 279 765; x_wconf 88' lang='lat' dir='ltr'>et</span> <span class='ocrx_word' id='word_1_28' title='bbox 299 699 444 785; x_wconf 89' lang='lat' dir='ltr'>repletur</span> <span class='ocrx_word' id='word_1_29' title='bbox 465 699 546 765; x_wconf 89' lang='lat' dir='ltr'>item</span> <span class='ocrx_word' id='word_1_30' title='bbox 567 721 707 764; x_wconf 80' lang='lat' dir='ltr'>vacuum</span> <span class='ocrx_word' id='word_1_31' title='bbox 730 700 816 785; x_wconf 91' lang='lat' dir='ltr'>quod</span> <span class='ocrx_word' id='word_1_32' title='bbox 839 700 986 766; x_wconf 87' lang='lat' dir='ltr'>constitit</span> <span class='ocrx_word' id='word_1_33' title='bbox 1007 711 1106 780; x_wconf 84' lang='lat' dir='ltr'>ante,</span> 
     </span>
     <span class='ocr_line' id='line_1_5' title="bbox 243 803 933 889; baseline 0.001 -22"><span class='ocrx_word' id='word_1_34' title='bbox 243 825 304 869; x_wconf 89' lang='lat' dir='ltr'>nec</span> <span class='ocrx_word' id='word_1_35' title='bbox 324 803 385 868; x_wconf 85' lang='lat' dir='ltr'>tali</span> <span class='ocrx_word' id='word_1_36' title='bbox 406 803 532 868; x_wconf 89' lang='lat' dir='ltr'>ratione</span> <span class='ocrx_word' id='word_1_37' title='bbox 554 811 662 889; x_wconf 88' lang='lat' dir='ltr'>potest</span> <span class='ocrx_word' id='word_1_38' title='bbox 684 803 848 868; x_wconf 85' lang='lat' dir='ltr'>denserier</span> <span class='ocrx_word' id='word_1_39' title='bbox 869 827 933 882; x_wconf 90' lang='lat' dir='ltr'>aer,</span> 
     </span>
     <span class='ocr_line' id='line_1_6' title="bbox 244 906 1078 994; baseline 0.001 -23"><span class='ocrx_word' id='word_1_40' title='bbox 244 930 312 985; x_wconf 89' lang='lat' dir='ltr'>nec,</span> <span class='ocrx_word' id='word_1_41' title='bbox 334 907 362 971; x_wconf 92' lang='lat' dir='ltr'>si</span> <span class='ocrx_word' id='word_1_42' title='bbox 383 906 449 971; x_wconf 90' lang='lat' dir='ltr'>iarn</span> <span class='ocrx_word' id='word_1_43' title='bbox 471 916 587 992; x_wconf 85' lang='lat' dir='ltr'>posset,</span> <span class='ocrx_word' id='word_1_44' title='bbox 609 908 680 973; x_wconf 88' lang='lat' dir='ltr'>sine</span> <span class='ocrx_word' id='word_1_45' title='bbox 702 909 792 972; x_wconf 89' lang='lat' dir='ltr'>inani</span> <span class='ocrx_word' id='word_1_46' title='bbox 814 917 933 993; x_wconf 88' lang='lat' dir='ltr'>posset,</span> <span class='ocrx_word' id='word_1_47' title='bbox 956 908 1078 994; x_wconf 90' lang='lat' dir='ltr'>opinor,</span> 
     </span>
     <span class='ocr_line' id='line_1_7' title="bbox 244 1011 1151 1097; baseline 0.002 -22"><span class='ocrx_word' id='word_1_48' title='bbox 244 1012 313 1096; x_wconf 89' lang='lat' dir='ltr'>ipse</span> <span class='ocrx_word' id='word_1_49' title='bbox 335 1011 370 1075; x_wconf 90' lang='lat' dir='ltr'>in</span> <span class='ocrx_word' id='word_1_50' title='bbox 392 1033 427 1076; x_wconf 90' lang='lat' dir='ltr'>se</span> <span class='ocrx_word' id='word_1_51' title='bbox 449 1011 577 1076; x_wconf 75' lang='lat' dir='ltr'>trahere</span> <span class='ocrx_word' id='word_1_52' title='bbox 600 1019 634 1076; x_wconf 87' lang='lat' dir='ltr'>et</span> <span class='ocrx_word' id='word_1_53' title='bbox 656 1011 759 1097; x_wconf 89' lang='lat' dir='ltr'>partis</span> <span class='ocrx_word' id='word_1_54' title='bbox 782 1012 960 1076; x_wconf 84' lang='lat' dir='ltr'>conducere</span> <span class='ocrx_word' id='word_1_55' title='bbox 982 1013 1018 1076; x_wconf 91' lang='lat' dir='ltr'>in</span> <span class='ocrx_word' id='word_1_56' title='bbox 1039 1035 1151 1078; x_wconf 91' lang='lat' dir='ltr'>unum.</span> 
     </span>
    </p>

    <p class='ocr_par' dir='ltr' id='par_1_2' title="bbox 243 1113 1147 2030">
     <span class='ocr_line' id='line_1_8' title="bbox 289 1113 1147 1201; baseline 0.001 -22"><span class='ocrx_word' id='word_1_57' title='bbox 289 1115 502 1201; x_wconf 79' lang='lat' dir='ltr'>Quapropter,</span> <span class='ocrx_word' id='word_1_58' title='bbox 524 1113 673 1199; x_wconf 87' lang='lat' dir='ltr'>quamvis</span> <span class='ocrx_word' id='word_1_59' title='bbox 695 1115 857 1179; x_wconf 86' lang='lat' dir='ltr'>causando</span> <span class='ocrx_word' id='word_1_60' title='bbox 879 1115 985 1179; x_wconf 86' lang='lat' dir='ltr'>multa</span> <span class='ocrx_word' id='word_1_61' title='bbox 1006 1115 1147 1194; x_wconf 88' lang='lat' dir='ltr'>moreris,</span> 
     </span>
     <span class='ocr_line' id='line_1_9' title="bbox 245 1219 1076 1286; baseline 0 -1"><span class='ocrx_word' id='word_1_62' title='bbox 245 1242 314 1285; x_wconf 89' lang='lat' dir='ltr'>esse</span> <span class='ocrx_word' id='word_1_63' title='bbox 336 1220 371 1284; x_wconf 91' lang='lat' dir='ltr'>in</span> <span class='ocrx_word' id='word_1_64' title='bbox 392 1219 488 1284; x_wconf 90' lang='lat' dir='ltr'>rebus</span> <span class='ocrx_word' id='word_1_65' title='bbox 510 1220 606 1284; x_wconf 90' lang='lat' dir='ltr'>inane</span> <span class='ocrx_word' id='word_1_66' title='bbox 628 1227 741 1285; x_wconf 89' lang='lat' dir='ltr'>tamen</span> <span class='ocrx_word' id='word_1_67' title='bbox 763 1222 885 1285; x_wconf 88' lang='lat' dir='ltr'>fateare</span> <span class='ocrx_word' id='word_1_68' title='bbox 907 1229 1076 1286; x_wconf 74' lang='lat' dir='ltr'>necessest.</span> 
     </span>
     <span class='ocr_line' id='line_1_10' title="bbox 245 1322 1141 1409; baseline 0 -21"><span class='ocrx_word' id='word_1_69' title='bbox 245 1323 413 1409; x_wconf 87' lang='lat' dir='ltr'>multaque</span> <span class='ocrx_word' id='word_1_70' title='bbox 434 1331 601 1407; x_wconf 86' lang='lat' dir='ltr'>praeterea</span> <span class='ocrx_word' id='word_1_71' title='bbox 622 1322 684 1387; x_wconf 88' lang='lat' dir='ltr'>tibi</span> <span class='ocrx_word' id='word_1_72' title='bbox 707 1345 838 1408; x_wconf 89' lang='lat' dir='ltr'>possum</span> <span class='ocrx_word' id='word_1_73' title='bbox 861 1323 1141 1388; x_wconf 90' lang='lat' dir='ltr'>commemorando</span> 
     </span>
     <span class='ocr_line' id='line_1_11' title="bbox 244 1425 1014 1512; baseline -0.001 -20"><span class='ocrx_word' id='word_1_74' title='bbox 244 1434 436 1512; x_wconf 89' lang='lat' dir='ltr'>argumenta</span> <span class='ocrx_word' id='word_1_75' title='bbox 457 1426 556 1490; x_wconf 91' lang='lat' dir='ltr'>fidem</span> <span class='ocrx_word' id='word_1_76' title='bbox 578 1425 673 1490; x_wconf 88' lang='lat' dir='ltr'>dictis</span> <span class='ocrx_word' id='word_1_77' title='bbox 695 1427 867 1491; x_wconf 87' lang='lat' dir='ltr'>conradere</span> <span class='ocrx_word' id='word_1_78' title='bbox 889 1426 1014 1492; x_wconf 84' lang='lat' dir='ltr'>nostris.</span> 
     </span>
     <span class='ocr_line' id='line_1_12' title="bbox 245 1529 1123 1617; baseline -0.003 -21"><span class='ocrx_word' id='word_1_79' title='bbox 245 1553 358 1596; x_wconf 92' lang='lat' dir='ltr'>verum</span> <span class='ocrx_word' id='word_1_80' title='bbox 384 1531 493 1595; x_wconf 90' lang='lat' dir='ltr'>animo</span> <span class='ocrx_word' id='word_1_81' title='bbox 516 1530 595 1595; x_wconf 84' lang='lat' dir='ltr'>satis</span> <span class='ocrx_word' id='word_1_82' title='bbox 621 1531 701 1595; x_wconf 91' lang='lat' dir='ltr'>haec</span> <span class='ocrx_word' id='word_1_83' title='bbox 726 1531 865 1616; x_wconf 82' lang='lat' dir='ltr'>vestigia</span> <span class='ocrx_word' id='word_1_84' title='bbox 890 1554 991 1617; x_wconf 86' lang='lat' dir='ltr'>parva</span> <span class='ocrx_word' id='word_1_85' title='bbox 1016 1529 1123 1616; x_wconf 84' lang='lat' dir='ltr'>sagaci</span> 
     </span>
     <span class='ocr_line' id='line_1_13' title="bbox 245 1634 1076 1720; baseline -0.002 -20"><span class='ocrx_word' id='word_1_86' title='bbox 245 1642 322 1700; x_wconf 89' lang='lat' dir='ltr'>sunt</span> <span class='ocrx_word' id='word_1_87' title='bbox 343 1657 402 1720; x_wconf 93' lang='lat' dir='ltr'>per</span> <span class='ocrx_word' id='word_1_88' title='bbox 423 1655 506 1718; x_wconf 87' lang='lat' dir='ltr'>quae</span> <span class='ocrx_word' id='word_1_89' title='bbox 528 1634 630 1718; x_wconf 90' lang='lat' dir='ltr'>possis</span> <span class='ocrx_word' id='word_1_90' title='bbox 653 1656 843 1720; x_wconf 82' lang='lat' dir='ltr'>cognoscere</span> <span class='ocrx_word' id='word_1_91' title='bbox 865 1643 973 1699; x_wconf 90' lang='lat' dir='ltr'>cetera</span> <span class='ocrx_word' id='word_1_92' title='bbox 994 1643 1076 1700; x_wconf 84' lang='lat' dir='ltr'>tute.</span> 
     </span>
     <span class='ocr_line' id='line_1_14' title="bbox 244 1738 1073 1825; baseline -0.004 -20"><span class='ocrx_word' id='word_1_93' title='bbox 244 1761 385 1825; x_wconf 88' lang='lat' dir='ltr'>namque</span> <span class='ocrx_word' id='word_1_94' title='bbox 408 1761 502 1803; x_wconf 88' lang='lat' dir='ltr'>canes</span> <span class='ocrx_word' id='word_1_95' title='bbox 524 1746 564 1803; x_wconf 90' lang='lat' dir='ltr'>ut</span> <span class='ocrx_word' id='word_1_96' title='bbox 585 1738 793 1823; x_wconf 82' lang='lat' dir='ltr'>montivagae</span> <span class='ocrx_word' id='word_1_97' title='bbox 815 1761 970 1824; x_wconf 88' lang='lat' dir='ltr'>persaepe</span> <span class='ocrx_word' id='word_1_98' title='bbox 993 1739 1073 1803; x_wconf 86' lang='lat' dir='ltr'>ferai</span> 
     </span>
     <span class='ocr_line' id='line_1_15' title="bbox 243 1841 1022 1927; baseline -0.001 -19"><span class='ocrx_word' id='word_1_99' title='bbox 243 1845 376 1910; x_wconf 84' lang='lat' dir='ltr'>naribus</span> <span class='ocrx_word' id='word_1_100' title='bbox 397 1841 569 1908; x_wconf 89' lang='lat' dir='ltr'>inveniunt</span> <span class='ocrx_word' id='word_1_101' title='bbox 591 1841 729 1906; x_wconf 86' lang='lat' dir='ltr'>intectas</span> <span class='ocrx_word' id='word_1_102' title='bbox 751 1842 862 1906; x_wconf 82' lang='lat' dir='ltr'>fronde</span> <span class='ocrx_word' id='word_1_103' title='bbox 886 1843 1022 1927; x_wconf 81' lang='lat' dir='ltr'>quietes,</span> 
     </span>
     <span class='ocr_line' id='line_1_16' title="bbox 244 1946 1020 2030; baseline -0.004 -17"><span class='ocrx_word' id='word_1_104' title='bbox 244 1972 318 2013; x_wconf 88' lang='lat' dir='ltr'>curn</span> <span class='ocrx_word' id='word_1_105' title='bbox 341 1947 440 2012; x_wconf 90' lang='lat' dir='ltr'>semel</span> <span class='ocrx_word' id='word_1_106' title='bbox 462 1946 653 2011; x_wconf 87' lang='lat' dir='ltr'>institerunt</span> <span class='ocrx_word' id='word_1_107' title='bbox 674 1946 814 2030; x_wconf 87' lang='lat' dir='ltr'>vestigia</span> <span class='ocrx_word' id='word_1_108' title='bbox 836 1955 925 2011; x_wconf 84' lang='lat' dir='ltr'>certa</span> <span class='ocrx_word' id='word_1_109' title='bbox 946 1947 1020 2026; x_wconf 84' lang='lat' dir='ltr'>viai,</span> 
     </span>
    </p>

    <p class='ocr_par' dir='ltr' id='par_1_3' title="bbox 28 2041 1056 2455">
     <span class='ocr_line' id='line_1_17' title="bbox 28 2041 974 2143; baseline -0.004 -24"><span class='ocrx_word' id='word_1_110' title='bbox 28 2041 97 2128; x_wconf 59' lang='lat' dir='ltr'>cdiv</span> <span class='ocrx_word' id='word_1_111' title='bbox 114 2041 208 2133; x_wconf 60' lang='lat' dir='ltr'>saihs</span> <span class='ocrx_word' id='word_1_112' title='bbox 244 2053 290 2117; x_wconf 91' lang='lat' dir='ltr'>sic</span> <span class='ocrx_word' id='word_1_113' title='bbox 305 2052 377 2139; x_wconf 62' lang='lat' dir='ltr'>plid</span> <span class='ocrx_word' id='word_1_114' title='bbox 400 2074 440 2115; x_wconf 85' lang='lat' dir='ltr'>ex</span> <span class='ocrx_word' id='word_1_115' title='bbox 461 2051 525 2143; x_wconf 79' lang='lat' dir='ltr'>alio</span> <span class='ocrx_word' id='word_1_116' title='bbox 547 2073 605 2135; x_wconf 92' lang='lat' dir='ltr'>per</span> <span class='ocrx_word' id='word_1_117' title='bbox 626 2059 662 2115; x_wconf 90' lang='lat' dir='ltr'>te</span> <span class='ocrx_word' id='word_1_118' title='bbox 683 2057 756 2115; x_wconf 84' lang='lat' dir='ltr'>tute</span> <span class='ocrx_word' id='word_1_119' title='bbox 775 2050 844 2135; x_wconf 90' lang='lat' dir='ltr'>ipse</span> <span class='ocrx_word' id='word_1_120' title='bbox 866 2051 974 2116; x_wconf 88' lang='lat' dir='ltr'>videre</span> 
     </span>
     <span class='ocr_line' id='line_1_18' title="bbox 242 2153 1043 2239; baseline -0.002 -19"><span class='ocrx_word' id='word_1_121' title='bbox 242 2156 364 2221; x_wconf 87' lang='lat' dir='ltr'>talibus</span> <span class='ocrx_word' id='word_1_122' title='bbox 386 2155 421 2219; x_wconf 92' lang='lat' dir='ltr'>in</span> <span class='ocrx_word' id='word_1_123' title='bbox 442 2155 539 2219; x_wconf 90' lang='lat' dir='ltr'>rebus</span> <span class='ocrx_word' id='word_1_124' title='bbox 560 2153 683 2239; x_wconf 87' lang='lat' dir='ltr'>poteris</span> <span class='ocrx_word' id='word_1_125' title='bbox 705 2176 879 2238; x_wconf 84' lang='lat' dir='ltr'>caecasque</span> <span class='ocrx_word' id='word_1_126' title='bbox 901 2155 1043 2219; x_wconf 87' lang='lat' dir='ltr'>latebras</span> 
     </span>
     <span class='ocr_line' id='line_1_19' title="bbox 244 2258 1054 2343; baseline -0.001 -19"><span class='ocrx_word' id='word_1_127' title='bbox 244 2260 408 2325; x_wconf 90' lang='lat' dir='ltr'>insinuare</span> <span class='ocrx_word' id='word_1_128' title='bbox 434 2260 540 2324; x_wconf 90' lang='lat' dir='ltr'>omnis</span> <span class='ocrx_word' id='word_1_129' title='bbox 564 2267 597 2323; x_wconf 86' lang='lat' dir='ltr'>et</span> <span class='ocrx_word' id='word_1_130' title='bbox 621 2281 735 2322; x_wconf 88' lang='lat' dir='ltr'>verum</span> <span class='ocrx_word' id='word_1_131' title='bbox 758 2258 947 2343; x_wconf 89' lang='lat' dir='ltr'>protrahere</span> <span class='ocrx_word' id='word_1_132' title='bbox 970 2259 1054 2323; x_wconf 89' lang='lat' dir='ltr'>inde.</span> 
     </span>
     <span class='ocr_line' id='line_1_20' title="bbox 122 2360 1056 2455; baseline -0.003 -27"><span class='ocrx_word' id='word_1_133' title='bbox 122 2448 125 2455; x_wconf 45' lang='lat'>,</span> <span class='ocrx_word' id='word_1_134' title='bbox 243 2363 329 2448; x_wconf 92' lang='lat' dir='ltr'>quod</span> <span class='ocrx_word' id='word_1_135' title='bbox 352 2363 379 2427; x_wconf 90' lang='lat' dir='ltr'>si</span> <span class='ocrx_word' id='word_1_136' title='bbox 401 2362 537 2450; x_wconf 85' lang='lat' dir='ltr'>pigraris</span> <span class='ocrx_word' id='word_1_137' title='bbox 558 2362 735 2447; x_wconf 91' lang='lat' dir='ltr'>paulumve</span> <span class='ocrx_word' id='word_1_138' title='bbox 758 2360 925 2425; x_wconf 88' lang='lat' dir='ltr'>recesseris</span> <span class='ocrx_word' id='word_1_139' title='bbox 947 2361 1056 2439; x_wconf 87' lang='lat' dir='ltr'>abre,</span> 
     </span>
    </p>

    <p class='ocr_par' dir='ltr' id='par_1_4' title="bbox 74 2454 1365 3176">
     <span class='ocr_line' id='line_1_21' title="bbox 74 2454 1125 2589; baseline -0.004 -55"><span class='ocrx_word' id='word_1_140' title='bbox 74 2454 163 2589; x_wconf 49' lang='lat' dir='ltr'>pyrrus</span> <span class='ocrx_word' id='word_1_141' title='bbox 242 2468 303 2532; x_wconf 91' lang='lat' dir='ltr'>hoc</span> <span class='ocrx_word' id='word_1_142' title='bbox 325 2467 387 2534; x_wconf 84' lang='lat' dir='ltr'>tibi</span> <span class='ocrx_word' id='word_1_143' title='bbox 409 2466 568 2560; x_wconf 63' lang='lat' dir='ltr'>Q⁰</span> <span class='ocrx_word' id='word_1_144' title='bbox 590 2489 719 2553; x_wconf 91' lang='lat' dir='ltr'>possum</span> <span class='ocrx_word' id='word_1_145' title='bbox 742 2465 942 2551; x_wconf 82' lang='lat' dir='ltr'>promittere,</span> <span class='ocrx_word' id='word_1_146' title='bbox 965 2464 1125 2530; x_wconf 89' lang='lat' dir='ltr'>Memmi:</span> 
     </span>
     <span class='ocr_line' id='line_1_22' title="bbox 244 2569 1083 2684; baseline -0.005 -48"><span class='ocrx_word' id='word_1_147' title='bbox 244 2593 345 2656; x_wconf 90' lang='lat' dir='ltr'>usque</span> <span class='ocrx_word' id='word_1_148' title='bbox 368 2569 448 2635; x_wconf 86' lang='lat' dir='ltr'>adeo</span> <span class='ocrx_word' id='word_1_149' title='bbox 470 2569 575 2684; x_wconf 83' lang='lat' dir='ltr'>largos</span> <span class='ocrx_word' id='word_1_150' title='bbox 596 2569 733 2634; x_wconf 88' lang='lat' dir='ltr'>haustus</span> <span class='ocrx_word' id='word_1_151' title='bbox 756 2591 774 2634; x_wconf 91' lang='lat' dir='ltr'>e</span> <span class='ocrx_word' id='word_1_152' title='bbox 796 2569 933 2633; x_wconf 85' lang='lat' dir='ltr'>fontibu&#39;</span> <span class='ocrx_word' id='word_1_153' title='bbox 956 2569 1083 2654; x_wconf 88' lang='lat' dir='ltr'>magnis</span> 
     </span>
     <span class='ocr_line' id='line_1_23' title="bbox 243 2672 1028 2761; baseline -0.007 -21"><span class='ocrx_word' id='word_1_154' title='bbox 243 2677 355 2761; x_wconf 89' lang='lat' dir='ltr'>lingua</span> <span class='ocrx_word' id='word_1_155' title='bbox 376 2697 448 2738; x_wconf 92' lang='lat' dir='ltr'>meo</span> <span class='ocrx_word' id='word_1_156' title='bbox 471 2673 579 2737; x_wconf 85' lang='lat' dir='ltr'>suavis</span> <span class='ocrx_word' id='word_1_157' title='bbox 601 2672 664 2736; x_wconf 90' lang='lat' dir='ltr'>diti</span> <span class='ocrx_word' id='word_1_158' title='bbox 687 2672 728 2736; x_wconf 88' lang='lat' dir='ltr'>de</span> <span class='ocrx_word' id='word_1_159' title='bbox 750 2680 880 2757; x_wconf 86' lang='lat' dir='ltr'>pectore</span> <span class='ocrx_word' id='word_1_160' title='bbox 901 2672 1028 2750; x_wconf 82' lang='lat' dir='ltr'>fundet,</span> 
     </span>
     <span class='ocr_line' id='line_1_24' title="bbox 245 2776 1128 2862; baseline -0.003 -19"><span class='ocrx_word' id='word_1_161' title='bbox 245 2787 283 2844; x_wconf 88' lang='lat' dir='ltr'>ut</span> <span class='ocrx_word' id='word_1_162' title='bbox 304 2801 416 2843; x_wconf 87' lang='lat' dir='ltr'>verear</span> <span class='ocrx_word' id='word_1_163' title='bbox 437 2799 479 2842; x_wconf 88' lang='lat' dir='ltr'>ne</span> <span class='ocrx_word' id='word_1_164' title='bbox 501 2777 595 2842; x_wconf 84' lang='lat' dir='ltr'>tarda</span> <span class='ocrx_word' id='word_1_165' title='bbox 615 2776 705 2862; x_wconf 91' lang='lat' dir='ltr'>prius</span> <span class='ocrx_word' id='word_1_166' title='bbox 727 2800 786 2862; x_wconf 93' lang='lat' dir='ltr'>per</span> <span class='ocrx_word' id='word_1_167' title='bbox 807 2777 955 2841; x_wconf 89' lang='lat' dir='ltr'>membra</span> <span class='ocrx_word' id='word_1_168' title='bbox 977 2785 1128 2841; x_wconf 85' lang='lat' dir='ltr'>senectus</span> 
     </span>
     <span class='ocr_line' id='line_1_25' title="bbox 243 2821 1365 2982; baseline -0.003 -36"><span class='ocrx_word' id='word_1_169' title='bbox 243 2890 352 2969; x_wconf 88' lang='lat' dir='ltr'>serpat</span> <span class='ocrx_word' id='word_1_170' title='bbox 373 2890 409 2948; x_wconf 90' lang='lat' dir='ltr'>et</span> <span class='ocrx_word' id='word_1_171' title='bbox 430 2881 465 2945; x_wconf 93' lang='lat' dir='ltr'>in</span> <span class='ocrx_word' id='word_1_172' title='bbox 487 2881 580 2946; x_wconf 89' lang='lat' dir='ltr'>nobis</span> <span class='ocrx_word' id='word_1_173' title='bbox 602 2881 685 2946; x_wconf 89' lang='lat' dir='ltr'>vitai</span> <span class='ocrx_word' id='word_1_174' title='bbox 707 2881 847 2982; x_wconf 86' lang='lat' dir='ltr'>claustra</span> <span class='ocrx_word' id='word_1_175' title='bbox 869 2881 1018 2958; x_wconf 88' lang='lat' dir='ltr'>resolvat,</span> <span class='ocrx_word' id='word_1_176' title='bbox 1062 2857 1131 2959; x_wconf 66' lang='lat' dir='ltr'>iod</span> <span class='ocrx_word' id='word_1_177' title='bbox 1173 2821 1365 2967; x_wconf 51' lang='grc'>’,1113111415</span> 
     </span>
     <span class='ocr_line' id='line_1_26' title="bbox 243 2962 1063 3073; baseline -0.004 -22"><span class='ocrx_word' id='word_1_178' title='bbox 243 3009 342 3073; x_wconf 89' lang='lat' dir='ltr'>quam</span> <span class='ocrx_word' id='word_1_179' title='bbox 364 2985 426 3050; x_wconf 87' lang='lat' dir='ltr'>tibi</span> <span class='ocrx_word' id='word_1_180' title='bbox 448 2985 489 3050; x_wconf 90' lang='lat' dir='ltr'>de</span> <span class='ocrx_word' id='word_1_181' title='bbox 511 2984 624 3069; x_wconf 90' lang='lat' dir='ltr'>quavis</span> <span class='ocrx_word' id='word_1_182' title='bbox 645 3007 767 3049; x_wconf 88' lang='lat' dir='ltr'>unare</span> <span class='ocrx_word' id='word_1_183' title='bbox 776 2962 935 3049; x_wconf 82' lang='lat' dir='ltr'>versibus</span> <span class='ocrx_word' id='word_1_184' title='bbox 958 2984 1063 3049; x_wconf 88' lang='lat' dir='ltr'>omnis</span> 
     </span>
     <span class='ocr_line' id='line_1_27' title="bbox 244 3087 1008 3176; baseline -0.004 -21"><span class='ocrx_word' id='word_1_185' title='bbox 244 3097 509 3176; x_wconf 86' lang='lat' dir='ltr'>argumentorum</span> <span class='ocrx_word' id='word_1_186' title='bbox 531 3087 576 3151; x_wconf 85' lang='lat' dir='ltr'>sit</span> <span class='ocrx_word' id='word_1_187' title='bbox 597 3087 689 3172; x_wconf 88' lang='lat' dir='ltr'>copia</span> <span class='ocrx_word' id='word_1_188' title='bbox 710 3087 809 3153; x_wconf 89' lang='lat' dir='ltr'>missa</span> <span class='ocrx_word' id='word_1_189' title='bbox 830 3108 889 3171; x_wconf 89' lang='lat' dir='ltr'>per</span> <span class='ocrx_word' id='word_1_190' title='bbox 910 3087 1008 3152; x_wconf 90' lang='lat' dir='ltr'>auris.</span> 
     </span>
    </p>

    <p class='ocr_par' dir='ltr' id='par_1_5' title="bbox 243 3191 1369 3900">
     <span class='ocr_line' id='line_1_28' title="bbox 287 3191 1179 3278; baseline -0.004 -18"><span class='ocrx_word' id='word_1_191' title='bbox 287 3193 353 3260; x_wconf 86' lang='lat' dir='ltr'>Sed</span> <span class='ocrx_word' id='word_1_192' title='bbox 374 3213 461 3256; x_wconf 92' lang='lat' dir='ltr'>nunc</span> <span class='ocrx_word' id='word_1_193' title='bbox 481 3199 520 3256; x_wconf 88' lang='lat' dir='ltr'>ut</span> <span class='ocrx_word' id='word_1_194' title='bbox 541 3202 688 3277; x_wconf 88' lang='lat' dir='ltr'>repetam</span> <span class='ocrx_word' id='word_1_195' title='bbox 709 3199 863 3278; x_wconf 85' lang='lat' dir='ltr'>coeptum</span> <span class='ocrx_word' id='word_1_196' title='bbox 884 3200 1052 3276; x_wconf 86' lang='lat' dir='ltr'>pertexere</span> <span class='ocrx_word' id='word_1_197' title='bbox 1074 3191 1179 3270; x_wconf 77' lang='lat' dir='ltr'>dictis,</span> 
     </span>
     <span class='ocr_line' id='line_1_29' title="bbox 243 3295 1025 3382; baseline -0.005 -18"><span class='ocrx_word' id='word_1_198' title='bbox 243 3298 347 3365; x_wconf 90' lang='lat' dir='ltr'>omnis</span> <span class='ocrx_word' id='word_1_199' title='bbox 368 3304 408 3361; x_wconf 90' lang='lat' dir='ltr'>ut</span> <span class='ocrx_word' id='word_1_200' title='bbox 430 3302 479 3360; x_wconf 89' lang='lat' dir='ltr'>est</span> <span class='ocrx_word' id='word_1_201' title='bbox 501 3295 601 3380; x_wconf 91' lang='lat' dir='ltr'>igitur</span> <span class='ocrx_word' id='word_1_202' title='bbox 621 3318 680 3382; x_wconf 88' lang='lat' dir='ltr'>per</span> <span class='ocrx_word' id='word_1_203' title='bbox 702 3318 735 3361; x_wconf 89' lang='lat' dir='ltr'>se</span> <span class='ocrx_word' id='word_1_204' title='bbox 758 3304 877 3362; x_wconf 88' lang='lat' dir='ltr'>natura</span> <span class='ocrx_word' id='word_1_205' title='bbox 899 3296 1025 3360; x_wconf 87' lang='lat' dir='ltr'>duabus</span> 
     </span>
     <span class='ocr_line' id='line_1_30' title="bbox 244 3399 1369 3486; baseline -0.002 -18"><span class='ocrx_word' id='word_1_206' title='bbox 244 3400 390 3468; x_wconf 87' lang='lat' dir='ltr'>constitit</span> <span class='ocrx_word' id='word_1_207' title='bbox 412 3399 447 3463; x_wconf 90' lang='lat' dir='ltr'>in</span> <span class='ocrx_word' id='word_1_208' title='bbox 468 3400 583 3478; x_wconf 83' lang='lat' dir='ltr'>rebus3</span> <span class='ocrx_word' id='word_1_209' title='bbox 612 3423 688 3464; x_wconf 86' lang='lat' dir='ltr'>nam</span> <span class='ocrx_word' id='word_1_210' title='bbox 711 3422 842 3486; x_wconf 89' lang='lat' dir='ltr'>corpora</span> <span class='ocrx_word' id='word_1_211' title='bbox 864 3409 941 3466; x_wconf 90' lang='lat' dir='ltr'>sunt</span> <span class='ocrx_word' id='word_1_212' title='bbox 963 3409 998 3466; x_wconf 87' lang='lat' dir='ltr'>et</span> <span class='ocrx_word' id='word_1_213' title='bbox 1020 3400 1127 3476; x_wconf 89' lang='lat' dir='ltr'>inane,</span> <span class='ocrx_word' id='word_1_214' title='bbox 1302 3420 1369 3480; x_wconf 88' lang='lat'>420</span> 
     </span>
     <span class='ocr_line' id='line_1_31' title="bbox 245 3487 1262 3593; baseline -0.003 -23"><span class='ocrx_word' id='word_1_215' title='bbox 245 3508 324 3572; x_wconf 86' lang='lat' dir='ltr'>haec</span> <span class='ocrx_word' id='word_1_216' title='bbox 345 3504 381 3569; x_wconf 92' lang='lat' dir='ltr'>in</span> <span class='ocrx_word' id='word_1_217' title='bbox 403 3527 467 3589; x_wconf 90' lang='lat' dir='ltr'>quo</span> <span class='ocrx_word' id='word_1_218' title='bbox 488 3505 552 3570; x_wconf 83' lang='lat' dir='ltr'>sita</span> <span class='ocrx_word' id='word_1_219' title='bbox 573 3511 650 3569; x_wconf 89' lang='lat' dir='ltr'>sunt</span> <span class='ocrx_word' id='word_1_220' title='bbox 672 3514 794 3590; x_wconf 88' lang='lat' dir='ltr'>etqua</span> <span class='ocrx_word' id='word_1_221' title='bbox 815 3505 948 3593; x_wconf 30' lang='lat' dir='ltr'>diversa—</span> <span class='ocrx_word' id='word_1_222' title='bbox 962 3512 1141 3569; x_wconf 87' lang='lat' dir='ltr'>moventur.</span> <span class='ocrx_word' id='word_1_223' title='bbox 1194 3487 1236 3593; x_wconf 24' lang='lat' dir='ltr'>‚ra-f</span> <span class='ocrx_word' id='word_1_224' title='bbox 1246 3520 1262 3581; x_wconf 74' lang='lat' dir='ltr'><em>s</em></span> 
     </span>
     <span class='ocr_line' id='line_1_32' title="bbox 244 3607 1047 3695; baseline -0.005 -19"><span class='ocrx_word' id='word_1_225' title='bbox 244 3631 358 3695; x_wconf 88' lang='lat' dir='ltr'>corpus</span> <span class='ocrx_word' id='word_1_226' title='bbox 379 3607 467 3673; x_wconf 90' lang='lat' dir='ltr'>enim</span> <span class='ocrx_word' id='word_1_227' title='bbox 490 3630 548 3693; x_wconf 91' lang='lat' dir='ltr'>per</span> <span class='ocrx_word' id='word_1_228' title='bbox 569 3630 603 3672; x_wconf 93' lang='lat' dir='ltr'>se</span> <span class='ocrx_word' id='word_1_229' title='bbox 626 3608 806 3672; x_wconf 90' lang='lat' dir='ltr'>communis</span> <span class='ocrx_word' id='word_1_230' title='bbox 827 3607 956 3673; x_wconf 87' lang='lat' dir='ltr'>dedicat</span> <span class='ocrx_word' id='word_1_231' title='bbox 979 3630 1047 3672; x_wconf 89' lang='lat' dir='ltr'>esse</span> 
     </span>
     <span class='ocr_line' id='line_1_33' title="bbox 245 3709 1084 3795; baseline -0.006 -16"><span class='ocrx_word' id='word_1_232' title='bbox 245 3734 377 3791; x_wconf 89' lang='lat' dir='ltr'>sensus;</span> <span class='ocrx_word' id='word_1_233' title='bbox 406 3711 459 3776; x_wconf 89' lang='lat' dir='ltr'>cui</span> <span class='ocrx_word' id='word_1_234' title='bbox 480 3710 544 3774; x_wconf 89' lang='lat' dir='ltr'>nisi</span> <span class='ocrx_word' id='word_1_235' title='bbox 566 3709 672 3795; x_wconf 86' lang='lat' dir='ltr'>prima</span> <span class='ocrx_word' id='word_1_236' title='bbox 694 3711 775 3774; x_wconf 88' lang='lat' dir='ltr'>fides</span> <span class='ocrx_word' id='word_1_237' title='bbox 796 3710 933 3775; x_wconf 88' lang='lat' dir='ltr'>fundata</span> <span class='ocrx_word' id='word_1_238' title='bbox 953 3710 1084 3789; x_wconf 80' lang='lat' dir='ltr'>valebit,</span> 
     </span>
     <span class='ocr_line' id='line_1_34' title="bbox 244 3813 1033 3900; baseline -0.006 -19"><span class='ocrx_word' id='word_1_239' title='bbox 244 3817 327 3882; x_wconf 88' lang='lat' dir='ltr'>haut</span> <span class='ocrx_word' id='word_1_240' title='bbox 347 3814 412 3880; x_wconf 88' lang='lat' dir='ltr'>erit</span> <span class='ocrx_word' id='word_1_241' title='bbox 433 3813 566 3878; x_wconf 89' lang='lat' dir='ltr'>occultis</span> <span class='ocrx_word' id='word_1_242' title='bbox 589 3813 629 3877; x_wconf 92' lang='lat' dir='ltr'>de</span> <span class='ocrx_word' id='word_1_243' title='bbox 651 3813 748 3876; x_wconf 91' lang='lat' dir='ltr'>rebus</span> <span class='ocrx_word' id='word_1_244' title='bbox 770 3834 835 3900; x_wconf 92' lang='lat' dir='ltr'>quo</span> <span class='ocrx_word' id='word_1_245' title='bbox 856 3813 1033 3878; x_wconf 89' lang='lat' dir='ltr'>referentes</span> 
     </span>
    </p>
   </div>
   <div class='ocr_carea' id='block_1_2' title="bbox 157 3967 1372 4363">
    <p class='ocr_par' dir='ltr' id='par_1_6' title="bbox 157 3967 1372 4363">
     <span class='ocr_line' id='line_1_35' title="bbox 158 3967 1372 4032; baseline -0.004 -6"><span class='ocrx_word' id='word_1_246' title='bbox 158 3975 224 4025; x_wconf 84' lang='lat' dir='ltr'>Mar.</span> <span class='ocrx_word' id='word_1_247' title='bbox 239 3972 297 4023; x_wconf 84' lang='lat' dir='ltr'>Ald.</span> <span class='ocrx_word' id='word_1_248' title='bbox 313 3972 327 4020; x_wconf 96' lang='lat'>1</span> <span class='ocrx_word' id='word_1_249' title='bbox 343 3971 418 4020; x_wconf 87' lang='lat' dir='ltr'>Junt.</span> <span class='ocrx_word' id='word_1_250' title='bbox 433 3969 473 4018; x_wconf 84' lang='lat' dir='ltr'>for</span> <span class='ocrx_word' id='word_1_251' title='bbox 488 3971 602 4032; x_wconf 76' lang='lat' dir='ltr'>quisque.</span> <span class='ocrx_word' id='word_1_252' title='bbox 704 3968 753 4018; x_wconf 88' lang='grc'>391</span> <span class='ocrx_word' id='word_1_253' title='bbox 769 3967 864 4017; x_wconf 85' lang='lat' dir='ltr'>Greech</span> <span class='ocrx_word' id='word_1_254' title='bbox 875 3982 1000 4030; x_wconf 85' lang='lat' dir='ltr'>supposes</span> <span class='ocrx_word' id='word_1_255' title='bbox 1011 3982 1082 4017; x_wconf 90' lang='lat' dir='ltr'>some</span> <span class='ocrx_word' id='word_1_256' title='bbox 1094 3983 1145 4020; x_wconf 88' lang='lat' dir='ltr'>vss.</span> <span class='ocrx_word' id='word_1_257' title='bbox 1159 3969 1186 4018; x_wconf 88' lang='lat' dir='ltr'>to</span> <span class='ocrx_word' id='word_1_258' title='bbox 1197 3967 1229 4017; x_wconf 91' lang='lat' dir='ltr'>be</span> <span class='ocrx_word' id='word_1_259' title='bbox 1240 3968 1292 4018; x_wconf 89' lang='lat' dir='ltr'>lost</span> <span class='ocrx_word' id='word_1_260' title='bbox 1303 3970 1372 4020; x_wconf 85' lang='lat' dir='ltr'>after</span> 
     </span>
     <span class='ocr_line' id='line_1_36' title="bbox 158 4049 1368 4114; baseline -0.003 -8"><span class='ocrx_word' id='word_1_261' title='bbox 158 4057 213 4108; x_wconf 84' lang='lat' dir='ltr'>this</span> <span class='ocrx_word' id='word_1_262' title='bbox 228 4071 253 4106; x_wconf 87' lang='lat' dir='ltr'>v.</span> <span class='ocrx_word' id='word_1_263' title='bbox 351 4054 399 4103; x_wconf 84' lang='grc'>395</span> <span class='ocrx_word' id='word_1_264' title='bbox 415 4053 540 4101; x_wconf 76' lang='lat' dir='ltr'>demerier</span> <span class='ocrx_word' id='word_1_265' title='bbox 555 4051 579 4100; x_wconf 98' lang='lat' dir='ltr'>A</span> <span class='ocrx_word' id='word_1_266' title='bbox 594 4065 657 4101; x_wconf 90' lang='lat' dir='ltr'>corr.</span> <span class='ocrx_word' id='word_1_267' title='bbox 677 4049 746 4101; x_wconf 84' lang='lat' dir='ltr'>Flor.</span> <span class='ocrx_word' id='word_1_268' title='bbox 765 4051 796 4098; x_wconf 98' lang='grc'>31</span> <span class='ocrx_word' id='word_1_269' title='bbox 812 4050 853 4099; x_wconf 86' lang='lat' dir='ltr'>for</span> <span class='ocrx_word' id='word_1_270' title='bbox 867 4052 1049 4100; x_wconf 74' lang='lat' dir='ltr'>condenserier.</span> <span class='ocrx_word' id='word_1_271' title='bbox 1147 4049 1197 4098; x_wconf 77' lang='lat'>404</span> <span class='ocrx_word' id='word_1_272' title='bbox 1208 4051 1280 4114; x_wconf 75' lang='lat' dir='ltr'>ferai</span> <span class='ocrx_word' id='word_1_273' title='bbox 1296 4052 1368 4107; x_wconf 85' lang='lat' dir='ltr'>Nice.</span> 
     </span>
     <span class='ocr_line' id='line_1_37' title="bbox 157 4130 1368 4196; baseline -0.004 -8"><span class='ocrx_word' id='word_1_274' title='bbox 157 4139 228 4189; x_wconf 81' lang='lat' dir='ltr'>Flor.</span> <span class='ocrx_word' id='word_1_275' title='bbox 245 4137 276 4186; x_wconf 89' lang='grc'>31</span> <span class='ocrx_word' id='word_1_276' title='bbox 294 4134 381 4185; x_wconf 84' lang='lat' dir='ltr'>Camb.</span> <span class='ocrx_word' id='word_1_277' title='bbox 401 4137 450 4182; x_wconf 88' lang='lat' dir='ltr'>etc.</span> <span class='ocrx_word' id='word_1_278' title='bbox 467 4132 507 4182; x_wconf 86' lang='lat' dir='ltr'>for</span> <span class='ocrx_word' id='word_1_279' title='bbox 518 4133 616 4196; x_wconf 80' lang='lat' dir='ltr'>serare.</span> <span class='ocrx_word' id='word_1_280' title='bbox 632 4133 748 4195; x_wconf 81' lang='lat' dir='ltr'>serarum</span> <span class='ocrx_word' id='word_1_281' title='bbox 764 4130 787 4178; x_wconf 88' lang='lat' dir='ltr'>A</span> <span class='ocrx_word' id='word_1_282' title='bbox 804 4145 868 4182; x_wconf 81' lang='lat' dir='ltr'>corr.</span> <span class='ocrx_word' id='word_1_283' title='bbox 969 4130 1017 4177; x_wconf 87' lang='grc'>411</span> <span class='ocrx_word' id='word_1_284' title='bbox 1034 4131 1066 4178; x_wconf 81' lang='lat' dir='ltr'>de</span> <span class='ocrx_word' id='word_1_285' title='bbox 1077 4131 1157 4194; x_wconf 81' lang='lat' dir='ltr'>plone</span> <span class='ocrx_word' id='word_1_286' title='bbox 1171 4131 1242 4180; x_wconf 85' lang='lat' dir='ltr'>Flor.</span> <span class='ocrx_word' id='word_1_287' title='bbox 1256 4132 1287 4179; x_wconf 88' lang='grc'>31</span> <span class='ocrx_word' id='word_1_288' title='bbox 1300 4132 1368 4187; x_wconf 88' lang='lat' dir='ltr'>Mar.</span> 
     </span>
     <span class='ocr_line' id='line_1_38' title="bbox 159 4212 1371 4282; baseline -0.004 -10"><span class='ocrx_word' id='word_1_289' title='bbox 159 4223 232 4274; x_wconf 76' lang='lat' dir='ltr'>dunt.</span> <span class='ocrx_word' id='word_1_290' title='bbox 252 4221 293 4270; x_wconf 86' lang='lat' dir='ltr'>for</span> <span class='ocrx_word' id='word_1_291' title='bbox 311 4221 425 4282; x_wconf 80' lang='lat' dir='ltr'>deptcno.</span> <span class='ocrx_word' id='word_1_292' title='bbox 541 4215 591 4264; x_wconf 81' lang='lat'>412</span> <span class='ocrx_word' id='word_1_293' title='bbox 609 4216 707 4276; x_wconf 70' lang='lat' dir='ltr'>emonis</span> <span class='ocrx_word' id='word_1_294' title='bbox 726 4215 750 4264; x_wconf 98' lang='lat' dir='ltr'>A</span> <span class='ocrx_word' id='word_1_295' title='bbox 766 4228 834 4264; x_wconf 91' lang='lat' dir='ltr'>corr.</span> <span class='ocrx_word' id='word_1_296' title='bbox 853 4213 925 4264; x_wconf 83' lang='lat' dir='ltr'>Nico.</span> <span class='ocrx_word' id='word_1_297' title='bbox 944 4213 981 4263; x_wconf 83' lang='lat' dir='ltr'>all</span> <span class='ocrx_word' id='word_1_298' title='bbox 998 4212 1044 4263; x_wconf 82' lang='lat' dir='ltr'>the</span> <span class='ocrx_word' id='word_1_299' title='bbox 1064 4213 1126 4263; x_wconf 86' lang='lat' dir='ltr'>Ital.</span> <span class='ocrx_word' id='word_1_300' title='bbox 1147 4214 1236 4263; x_wconf 78' lang='lat' dir='ltr'>camb.</span> <span class='ocrx_word' id='word_1_301' title='bbox 1256 4217 1305 4265; x_wconf 90' lang='lat' dir='ltr'>etc.</span> <span class='ocrx_word' id='word_1_302' title='bbox 1329 4217 1371 4267; x_wconf 86' lang='lat' dir='ltr'>for</span> 
     </span>
     <span class='ocr_line' id='line_1_39' title="bbox 157 4292 1371 4363; baseline -0.004 -13"><span class='ocrx_word' id='word_1_303' title='bbox 157 4316 258 4363; x_wconf 67' lang='lat' dir='ltr'>moyses</span> <span class='ocrx_word' id='word_1_304' title='bbox 275 4299 305 4349; x_wconf 84' lang='lat' dir='ltr'>of</span> <span class='ocrx_word' id='word_1_305' title='bbox 317 4299 340 4347; x_wconf 89' lang='lat' dir='ltr'>A</span> <span class='ocrx_word' id='word_1_306' title='bbox 355 4313 382 4362; x_wconf 88' lang='lat' dir='ltr'>p.</span> <span class='ocrx_word' id='word_1_307' title='bbox 397 4311 433 4349; x_wconf 91' lang='lat' dir='ltr'>m.</span> <span class='ocrx_word' id='word_1_308' title='bbox 468 4309 552 4346; x_wconf 80' lang='lat' dir='ltr'>amnes</span> <span class='ocrx_word' id='word_1_309' title='bbox 566 4294 589 4344; x_wconf 94' lang='lat' dir='ltr'><strong>B</strong></span> <span class='ocrx_word' id='word_1_310' title='bbox 604 4293 657 4345; x_wconf 85' lang='lat' dir='ltr'>and</span> <span class='ocrx_word' id='word_1_311' title='bbox 672 4293 745 4345; x_wconf 76' lang='lat' dir='ltr'>coss</span> <span class='ocrx_word' id='word_1_312' title='bbox 756 4293 811 4345; x_wconf 75' lang='lat' dir='ltr'>und</span> <span class='ocrx_word' id='word_1_313' title='bbox 825 4293 881 4345; x_wconf 74' lang='lat' dir='ltr'>also</span> <span class='ocrx_word' id='word_1_314' title='bbox 890 4306 962 4345; x_wconf 76' lang='lat' dir='ltr'>samo</span> <span class='ocrx_word' id='word_1_315' title='bbox 972 4294 996 4343; x_wconf 92' lang='lat' dir='ltr'>A</span> <span class='ocrx_word' id='word_1_316' title='bbox 1006 4306 1088 4355; x_wconf 86' lang='lat' dir='ltr'>corr.;</span> <span class='ocrx_word' id='word_1_317' title='bbox 1104 4292 1208 4342; x_wconf 88' lang='lat' dir='ltr'>whence</span> <span class='ocrx_word' id='word_1_318' title='bbox 1219 4293 1306 4344; x_wconf 85' lang='lat' dir='ltr'>Bentl.</span> <span class='ocrx_word' id='word_1_319' title='bbox 1317 4297 1371 4347; x_wconf 83' lang='lat' dir='ltr'>and</span> 
     </span>
    </p>
   </div>
   <div class='ocr_carea' id='block_1_3' title="bbox 157 4375 1371 4447">
    <p class='ocr_par' dir='ltr' id='par_1_7' title="bbox 157 4375 1371 4447">
     <span class='ocr_line' id='line_1_40' title="bbox 157 4375 1371 4447; baseline -0.003 -12"><span class='ocrx_word' id='word_1_320' title='bbox 157 4382 313 4436; x_wconf 80' lang='lat' dir='ltr'>Bern.·read</span> <span class='ocrx_word' id='word_1_321' title='bbox 331 4380 654 4447; x_wconf 55' lang='lat' dir='ltr'>depraedaverat</span> <span class='ocrx_word' id='word_1_322' title='bbox 966 4389 1006 4429; x_wconf 71' lang='lat' dir='ltr'>ss.</span> <span class='ocrx_word' id='word_1_323' title='bbox 1037 4378 1151 4440; x_wconf 69' lang='lat' dir='ltr'>moyseis</span> <span class='ocrx_word' id='word_1_324' title='bbox 1167 4375 1261 4427; x_wconf 87' lang='lat' dir='ltr'>Heius.</span> <span class='ocrx_word' id='word_1_325' title='bbox 1277 4376 1371 4432; x_wconf 86' lang='lat' dir='ltr'>inms.</span> 
     </span>
    </p>
   </div>
   <div class='ocr_carea' id='block_1_4' title="bbox 0 0 1427 4860">
    <p class='ocr_par' dir='ltr' id='par_1_8' title="bbox 0 0 1427 4860">
     <span class='ocr_line' id='line_1_41' title="bbox 0 0 1427 4860; baseline 0 0"><span class='ocrx_word' id='word_1_326' title='bbox 0 0 1427 4860; x_wconf 95' lang='lat' dir='ltr'> </span> 
     </span>
    </p>
   </div>
  </div>
 </body>
</html>
