2842 4860
107 288 172 356 274
683 271 733 338 VI

193 435 317 501 fumida
338 459 412 501 cum
435 435 515 500 caeli
537 434 712 500 scintillare
735 434 845 500 omnia
865 435 990 521 templa

194 547 360 604 cernentes
381 539 500 625 pavida
521 539 726 625 complebant
748 546 880 624 pectora
901 562 986 617 cura,

193 643 272 729 quid
294 643 462 708 moliretur
483 666 590 708 rerum
612 650 731 707 natura
752 665 916 707 novarum.

237 749 336 813 Hisce
359 748 421 813 tibi
442 748 477 811 in
499 748 595 812 rebus
617 748 715 812 latest
737 748 867 833 alteque
890 746 1067 812 videndum

194 860 227 917 et
249 853 344 938 longe
367 859 498 916 cunctas
520 851 555 915 in
576 851 678 936 partis
700 850 944 937 dispiciendum,

191 965 230 1021 ut
252 956 464 1022 reminiscaris
486 978 646 1021 summam
669 979 776 1021 rerum
800 979 868 1020 esse
891 956 1086 1041 profundam

192 1068 227 1125 et
248 1061 358 1125 videas
380 1061 504 1125 caelum
527 1060 667 1125 summai
688 1060 791 1125 totius
813 1082 916 1124 unum

192 1186 288 1249 quam
311 1164 354 1228 sit
376 1165 510 1250 parvula
531 1187 604 1249 pars
627 1171 661 1228 et
683 1186 780 1250 quam
804 1163 991 1228 multesima
1013 1171 1152 1243 constet,

157 1251 160 1259 ¹
192 1289 252 1331 nec
274 1275 345 1331 tota
366 1290 447 1353 pars,
470 1267 565 1331 homo
586 1267 685 1332 terrai
707 1274 807 1352 quota
830 1266 931 1346 totius
953 1290 1044 1333 unus.

193 1370 278 1456 quod
299 1371 382 1435 bene
404 1370 604 1456 propositum
627 1370 655 1434 si
677 1369 772 1455 plane
795 1377 967 1435 contueare

192 1496 229 1538 ac
252 1473 360 1539 videas
382 1473 486 1558 plane,
508 1473 618 1537 mirari
640 1474 746 1537 multa
767 1473 938 1559 relinquas.

193 1577 344 1663 numquis
367 1577 454 1641 enim
476 1585 622 1641 nostrum
644 1576 781 1641 miratur
802 1577 903 1663 siquis
924 1577 960 1640 in
981 1585 1073 1642 artus

192 1682 317 1767 accepit
339 1681 441 1746 calido
464 1681 579 1746 febrim
602 1683 725 1745 fervore
748 1689 889 1746 coortam

192 1792 251 1849 aut
272 1785 373 1849 alium
389 1784 534 1870 quemvis
556 1783 660 1848 morbi
682 1807 740 1869 per
761 1785 909 1849 membra
931 1784 1096 1851 dolorem?

193 1889 391 1976 opturgescit
414 1889 501 1954 enim
524 1888 632 1953 subito
654 1911 719 1974 pes,
742 1888 855 1974 arripit
878 1910 951 1954 acer

192 2017 287 2080 saepe
310 1994 399 2058 dolor
421 1993 543 2070 dentes,
566 1992 673 2057 oculos
695 1992 822 2057 invadit
843 1993 878 2056 in
899 1992 993 2078 ipsos,

193 2097 305 2161 existit
327 2119 416 2161 sacer
437 2095 523 2183 ignis
545 2103 579 2160 et
601 2095 668 2158 urit
690 2117 818 2180 corpore
842 2117 972 2180 serpens

192 2222 427 2286 quamcumque
450 2199 588 2284 arripuit
610 2199 739 2284 partim,
762 2199 911 2285 repitque
934 2222 993 2284 per
1014 2208 1113 2278 artus,

190 2303 344 2367 nimirum
366 2303 444 2389 quia
465 2310 542 2366 sunt
563 2302 741 2366 multarum
764 2301 888 2367 semina
910 2325 1025 2379 rerum,

190 2416 225 2473 et
247 2409 326 2473 satis
347 2409 426 2472 hacc
449 2406 546 2471 tellus
568 2405 662 2470 nobis
684 2406 873 2492 caelumque
896 2406 974 2470 mali
996 2407 1067 2483 fert,

190 2513 277 2578 unde
300 2521 398 2599 queat
421 2512 469 2576 vis
490 2510 642 2575 immensi
664 2533 862 2596 procrescere
884 2511 995 2576 morbi

190 2619 236 2683 sic
257 2618 359 2706 igitur
380 2617 443 2681 toti
466 2616 553 2680 caelo
575 2622 744 2700 terraeque
766 2615 982 2700 putandumst

191 2745 230 2786 ex
252 2721 381 2785 infinito
403 2720 481 2785 satis
504 2718 613 2783 omnia
634 2719 851 2805 suppeditare,

191 2825 277 2889 unde
299 2831 433 2910 repente
456 2830 555 2909 queat
577 2823 675 2887 tellus
697 2845 849 2887 concussa
871 2824 992 2887 moveri

190 2949 310 3013 perque
333 2949 420 2991 mare
443 2948 480 2991 ac
502 2933 603 2990 terras
625 2925 757 3011 rapidus
779 2946 963 3010 percurrere
986 2925 1092 3002 turbo,

190 3030 275 3118 ignis
297 3031 461 3095 abundare
484 3030 659 3106 Aetnaeus,
682 3029 899 3094 flammescere
921 3029 1065 3108 caelum3

189 3134 224 3199 id
246 3158 372 3221 quoque
395 3133 482 3198 enim
504 3133 543 3196 fit
565 3142 600 3197 et
622 3132 794 3196 ardescunt
816 3131 968 3196 caelestia
989 3133 1122 3217 templa,

190 3246 224 3303 et
246 3246 459 3324 tempestates
481 3234 610 3322 pluviae
632 3235 777 3322 graviore
800 3242 911 3300 coortu

190 3350 275 3420 sunt,
297 3341 355 3406 ubi
377 3342 458 3406 forte
481 3340 530 3404 ita
551 3362 584 3404 se
608 3339 791 3403 tetulerunt
813 3339 938 3404 semina
958 3363 1124 3426 aquarum.

190 3454 242 3512 ‘at
263 3446 360 3511 nimis
382 3454 432 3510 est
453 3445 568 3532 ingens
590 3443 719 3509 incendi
741 3444 892 3509 turbidus
914 3445 1023 3510 ardor?

189 3551 312 3616 scilicet
333 3559 368 3616 et
389 3550 508 3614 fluvius
530 3548 636 3636 quivis
658 3557 707 3614 est
730 3549 891 3613 maximus
914 3549 945 3613 ei

190 3654 333 3740 quinon
354 3661 431 3718 ante
453 3653 595 3738 aliquem
617 3652 771 3716 maiorem
794 3651 885 3728 vidit,
908 3659 942 3716 et
965 3651 1079 3740 ingens
1251 3658 1309 3740 675

190 3757 284 3821 arbor
305 3757 463 3842 homoque
487 3755 624 3833 videtur,
647 3762 681 3820 et
704 3753 813 3819 omnia
834 3755 874 3819 de
896 3777 1014 3841 genere
1037 3757 1125 3821 omni

102 4026 150 4063 ms.
164 4013 240 4060 notes
252 4010 292 4060 for
306 4012 441 4062 Flammae.
559 4012 608 4062 646
620 4013 803 4075 dispiciendam
813 4012 883 4062 Nico.
901 4013 942 4060 for
952 4013 1147 4075 despiciendum.
1268 4018 1312 4068 652

101 4093 238 4156 corrupted
253 4093 287 4155 by
304 4092 367 4143 Mar.
387 4092 460 4144 Junt.
480 4093 571 4143 Lamb.
583 4096 631 4143 eto.
731 4095 780 4145 653
792 4097 949 4158 propositum
964 4095 987 4143 B
1004 4109 1067 4146 corr.
1087 4095 1146 4147 Ver.
1165 4097 1232 4149 Ven.
1250 4100 1310 4152 Mar.

102 4179 142 4226 for
154 4177 306 4240 propositus.
339 4177 496 4238 propositum
509 4182 546 4224 cat
560 4175 630 4224 Flor.
643 4176 674 4225 31
687 4175 775 4226 Camb.
808 4176 1077 4239 plaachorr.Flor.
1093 4178 1124 4226 31
1137 4178 1230 4230 Gemb.
1243 4183 1310 4233 Mon

101 4261 143 4310 for
156 4260 238 4323 ploni.
337 4258 384 4308 663
401 4259 472 4307 abbir
489 4258 552 4308 Mar.
571 4259 644 4309 Junt.
663 4259 753 4311 Lamb.
771 4262 821 4308 eto.
838 4260 877 4309 for
893 4261 973 4310 morbi
989 4259 1074 4310 which
1090 4259 1139 4310 has
1157 4276 1232 4314 come
1248 4265 1312 4316 from

101 4339 156 4391 664.
193 4339 248 4388 orbi
262 4337 342 4389 Laoh.
443 4338 492 4389 674
509 4339 592 4400 quivis
607 4345 643 4388 est
657 4338 743 4389 BentL
757 4338 854 4402 torqui
868 4340 945 4388 cisoa
979 4339 1062 4401 quivis
1073 4339 1209 4393 utHeins.
1225 4342 1309 4396 inme

100 4423 184 4482 notes,
197 4418 250 4470 and
260 4419 295 4470 Is.
310 4418 486 4470 Vossinms.
498 4422 582 4470 notes.
617 4420 871 4483 quiuoaesthamb.
905 4427 941 4469 eat
952 4419 975 4470 is
987 4419 1068 4470 added
1080 4421 1184 4472 atteret
1197 4423 1233 4487 by
1243 4426 1309 4478 Flor.
