2842 4860
651 216 687 280 ΙΙ

152 378 292 444 iucundo
315 400 410 443 sensu
434 399 510 442 cura
532 387 657 444 semota
679 386 859 465 metuque?

152 505 227 569 ergo
249 503 432 567 corpoream
455 482 497 546 ad
519 492 670 546 naturam
692 506 797 569 pauca
819 484 967 550 videmus

153 608 222 650 esse
244 607 326 671 opus
347 584 486 662 omnino,
509 607 592 670 quae
616 585 749 651 demant
772 610 910 674 cumque
933 589 1083 655 dolorem.

152 691 283 755 delicias
305 712 432 775 quoque
454 690 506 754 uti
528 690 649 755 multas
671 693 876 758 substernere
898 694 1023 780 possint

151 794 276 881 gratius
297 794 471 871 interdum,
493 817 599 879 neque
621 803 740 860 natura
761 796 833 882 ipsa
854 797 999 883 requirit,

150 897 180 962 >si
202 921 267 962 non
290 921 388 963 aurea
409 907 486 962 sunt
508 898 665 964 iuvenum
688 901 860 967 simulacra
880 925 938 988 per
960 903 1057 968 aedes

152 1003 318 1088 lampadas
340 1004 492 1090 igniferas
514 1005 665 1069 manibus
687 1005 864 1070 retinentia
885 1007 1019 1082 dextris,

153 1107 278 1171 lumina
298 1107 464 1172 nocturnis
485 1108 589 1193 epulis
611 1117 650 1172 ut
672 1109 931 1194 suppeditentur,

153 1231 213 1274 nec
234 1210 349 1274 domus
371 1218 506 1297 argento
528 1199 633 1298 fulg‘e't
655 1234 797 1298 auroque
820 1212 947 1278 renidet

152 1333 211 1375 nec
234 1311 377 1376 citharae
399 1312 533 1377 reboant
554 1313 707 1397 laqueata
728 1321 906 1398 aurataque
929 1321 1025 1390 tecta,

153 1436 227 1478 cum
250 1422 361 1479 tamon
382 1415 469 1479 inter
490 1437 524 1480 se
547 1415 699 1500 prostrati
721 1415 755 1479 in
777 1416 924 1502 gramine
947 1416 1036 1481 molli

153 1528 285 1604 propter
305 1541 409 1604 aquae
431 1518 537 1582 rivum
559 1506 621 1582 sub
643 1517 740 1583 ramis
762 1519 883 1583 arboris
906 1520 991 1584 altae

152 1644 217 1686 non
238 1622 365 1708 magnis
387 1621 502 1707 opibus
525 1621 665 1686 iucunde
688 1645 819 1707 corpora
840 1631 964 1700 curant,

152 1727 340 1809 praesertim
362 1748 435 1790 curn
458 1733 636 1810 tempestas
657 1725 784 1790 adridet
807 1736 840 1791 et
864 1726 941 1790 anni
1046 1712 1049 1718 ¹

153 1841 299 1916 tempora
321 1838 536 1916 conspergunt
558 1824 728 1893 viridantis
750 1830 883 1894 floribus
904 1829 1030 1894 herbas.

153 1957 212 2000 nec
234 1935 356 2000 calidae
378 1934 475 1998 citius
497 1934 659 1998 decedunt
682 1956 812 2020 corpore
835 1934 949 2013 febres,

153 2039 322 2104 textilibus
344 2038 371 2103 si
392 2038 427 2102 in
449 2038 585 2123 picturis
607 2047 758 2125 ostroque
780 2039 913 2103 rubenti

153 2142 290 2220 iacturis,
312 2165 410 2228 quam
432 2141 459 2207 si
481 2143 516 2206 in
537 2142 666 2229 plebeia
687 2152 778 2209 veste
800 2143 985 2209 cubandum
1007 2152 1067 2213 est.

153 2255 349 2332 quapropter
371 2245 524 2332 quoniam
546 2246 593 2310 nil
614 2255 724 2311 nostro
746 2247 781 2311 in
803 2269 933 2332 corpore
956 2270 1053 2333 gazae

153 2349 325 2435 proficiunt
348 2371 454 2434 neque
475 2349 628 2414 nobilitas
650 2373 709 2415 nec
730 2350 834 2437 gloria
855 2350 956 2438 regni,

153 2453 239 2538 quod
261 2460 416 2537 superest,
436 2452 546 2517 animo
568 2475 696 2538 quoque
718 2452 765 2516 nil
787 2453 938 2538 prodesse
959 2454 1163 2540 putandum;

153 2556 181 2619 si
203 2577 268 2618 non
290 2555 371 2618 forte
393 2562 468 2619 tuas
489 2554 632 2642 legiones
654 2577 713 2641 per
733 2556 803 2620 loca
825 2556 931 2641 campi
1235 2575 1279 2638 40

153 2660 274 2724 fervere
296 2682 370 2724 cum
392 2659 502 2724 videas
524 2660 602 2725 belli
624 2660 795 2726 simulacra
817 2660 942 2738 cientis,

65 2863 147 2915 Lech.
171 2863 282 2913 without
303 2878 388 2914 cause.
521 2865 552 2914 19
568 2870 670 2913 semota.
711 2863 813 2913 remotu’
835 2864 928 2913 Lamb.
950 2863 979 2912 in
1000 2867 1085 2925 notes,
1111 2861 1165 2912 Gii.
1190 2860 1278 2911 Bentl.

65 2945 148 2997 Lech.
167 2946 207 2996 ior
225 2953 326 2997 seurota.
463 2947 494 2994 21
512 2947 545 2994 22
564 2947 596 2994 23
615 2960 657 2994 see
675 2948 751 2995 notes
769 2947 785 2993 2
802 2945 843 2994 ior
859 2944 904 2996 the
921 2944 1089 3008 explanation
1105 2944 1135 2995 oi
1149 2944 1203 2994 this
1218 2958 1279 3006 pas·

65 3043 129 3090 suge
143 3027 229 3077 which
243 3028 257 3077 1
272 3028 339 3078 have
353 3028 482 3078 corrected
504 3028 538 3091 by
556 3043 571 3077 a
590 3027 674 3077 better
692 3027 873 3089 punctuation.
1007 3028 1039 3079 27
1056 3029 1142 3090 sulpct
1159 3040 1278 3088 auroque.

60 3113 176 3177 fulgenti
195 3109 275 3160 Lech.
316 3110 370 3164 But
389 3125 473 3173 comp.
498 3125 514 3160 v
537 3112 601 3161 1049
621 3112 697 3159 sciret
719 3112 859 3172 animoque,
884 3108 967 3159 where
988 3108 1164 3159 Lachmann’s
1184 3110 1279 3158 scirent

65 3196 183 3257 perverts
202 3192 248 3242 the
268 3193 399 3254 meaning.
438 3193 551 3256 fulqcur,
574 3193 690 3242 renidens
712 3191 824 3244 Macrob.
850 3193 975 3242 satw12
995 3192 1071 3246 Pont.
1089 3191 1275 3243 AvanuJunt.

65 3281 114 3328 etc.
143 3278 247 3340 fulgens
264 3275 363 3325 recidet
382 3274 453 3334 Mar,
468 3275 497 3324 P.
518 3273 634 3323 Crinitus
654 3273 686 3323 de
704 3272 767 3330 hon,
788 3272 850 3324 disc.
872 3287 928 3322 xvrr
947 3275 971 3324 6.
1102 3274 1135 3322 23
1152 3274 1276 3327 citharae.

66 3361 194 3410 citharam
210 3357 324 3407 Macrob.
342 3360 391 3408 sat.
410 3372 436 3406 vr
454 3358 476 3418 2,
496 3359 597 3406 cithara
614 3355 650 3406 id.
666 3371 693 3405 vr
705 3357 729 3406 4.
860 3364 1011 3419 aurataque.
1046 3363 1185 3420 orrrataquc
1196 3356 1278 3406 Lech.

66 3451 228 3506 arcuatoque
244 3442 322 3491 Bern.
389 3447 455 3490 tecta
471 3440 551 3491 Lach.
566 3441 607 3489 for
618 3442 719 3502 templa,
731 3438 784 3489 and
800 3439 913 3489 Macrob.
927 3442 977 3490 sat.
990 3452 1019 3488 rr
1029 3440 1053 3499 4,
1068 3437 1114 3487 but
1124 3453 1152 3487 rr
1163 3439 1178 3486 2
1190 3444 1276 3502 tempe,

66 3523 152 3574 which
168 3537 253 3573 comes
269 3522 380 3586 perhaps
397 3523 465 3572 iram
481 3521 526 3572 the
542 3520 678 3585 preceding
693 3535 802 3583 passage
817 3520 844 3569 oi
860 3520 958 3582 Virgil:
975 3524 1019 3582 yet
1033 3519 1080 3569 the
1092 3521 1185 3582 templa
1196 3520 1224 3569 oi
1234 3519 1279 3570 the

66 3621 130 3658 mss.
148 3607 177 3656 oi
191 3606 267 3655 Lacr.
282 3620 344 3668 may
358 3604 425 3654 have
442 3619 458 3653 a
473 3602 602 3653 technical
619 3601 749 3662 meaning.
783 3603 846 3666 [But
858 3601 898 3651 ior
909 3609 976 3651 tecta
987 3600 1040 3651 and
1052 3602 1142 3663 tempta
1155 3599 1280 3651 confused

66 3705 111 3740 see
126 3691 157 3740 0.
172 3688 322 3739 Hirschfeld
335 3687 485 3738 untersnch.
497 3702 523 3748 p.
536 3688 592 3744 149,
604 3685 656 3735 and
667 3701 693 3748 p.
707 3686 753 3736 187
765 3701 792 3734 n.
804 3684 842 3750 4.]
974 3685 1005 3734 36
1016 3685 1133 3733 lucteris.
1167 3685 1279 3734 lactaria

66 3777 160 3828 hamb.
177 3775 218 3826 ed.
234 3776 250 3824 2
266 3773 319 3825 and
335 3775 360 3822 3.
490 3772 521 3819 41
539 3772 644 3819 Falacre
661 3769 729 3817 Flor.
742 3770 774 3817 30
785 3783 850 3818 corr.
860 3768 930 3817 Flor.
942 3769 973 3817 31
986 3767 1075 3817 Camb.
1088 3766 1129 3816 ior
1139 3769 1234 3817 Fruere
1245 3767 1275 3829 Δ,

67 3863 167 3910 Encere
181 3857 212 3910 B.
354 3854 466 3905 40-46:
483 3852 537 3902 this
549 3866 657 3914 passage
668 3851 682 3899 I
693 3850 770 3901 think
785 3850 799 3900 I
816 3850 882 3900 have
893 3849 1018 3911 arranged
1029 3848 1108 3898 much
1119 3848 1203 3898 better
1213 3847 1280 3899 than

66 3938 150 3990 Luch.
162 3953 193 3988 or
207 3938 298 3987 Bern.:
317 3937 349 3983 42
365 3943 389 3985 et
404 3949 472 3984 ecum
484 3935 512 3982 ci
528 3933 645 3994 (streuui)
662 3931 712 3981 Ed.
728 3931 769 3980 for
783 3933 898 3994 epicuri:
915 3945 998 3993 comp.
1015 3932 1107 3979 tariter
1122 3929 1151 3978 of
1163 3943 1227 3980 mss.
1239 3929 1279 3978 ior

64 4024 166 4087 pariter
180 4020 209 4068 in
219 4021 265 4069 43:
283 4020 315 4068 43
328 4020 465 4080 Ornatarq.
476 4017 554 4065 armis
569 4022 669 4064 statuar
676 4017 825 4078 pariterque
836 4013 884 4063 Ed
897 4014 938 4062 for
950 4015 1060 4062 Ornatas
1075 4014 1153 4061 urrais
1168 4014 1278 4061 itastuar

68 4104 190 4169 (itariuae
201 4101 223 4149 B
236 4099 319 4165 Gott.)
332 4102 486 4161 tariterquc:
504 4096 567 4146 then
578 4099 683 4145 Ferrcrc
695 4112 751 4145 cura
761 4097 847 4144 videas
859 4097 962 4144 classem
974 4097 1072 4156 lateque
1082 4095 1182 4156 vaparr,
1194 4093 1278 4143 which

67 4186 93 4236 is
111 4186 158 4234 not
172 4182 255 4232 found
271 4181 299 4230 in
315 4195 363 4230 our
379 4195 442 4229 mss.
460 4179 506 4229 but
524 4177 546 4226 ie
563 4177 658 4239 quoted
674 4177 708 4240 by
725 4177 827 4226 Nonius
844 4191 869 4238 p.
884 4178 932 4226 503
949 4175 1017 4224 from
1035 4173 1170 4224 Lucretius
1187 4174 1276 4236 lib.11,

66 4267 92 4317 is
103 4264 199 4325 clearly
210 4263 239 4312 in
254 4263 290 4312 its
306 4261 377 4324 right
393 4262 467 4324 place
483 4261 549 4310 after
565 4260 606 4317 46,
623 4261 669 4308 not
681 4259 722 4320 43,
738 4257 822 4307 where
837 4257 918 4307 Lech.
935 4256 987 4306 and
1002 4255 1090 4306 others
1104 4255 1171 4305 have
1181 4259 1229 4318 put
1239 4256 1277 4306 it:

66 4349 82 4399 1
97 4348 164 4399 have
180 4346 236 4396 also
252 4348 301 4407 put
317 4359 333 4393 a
350 4352 408 4406 stop
430 4343 497 4392 aiter
514 4343 607 4404 paviae
630 4340 659 4388 in
677 4341 716 4391 45.
753 4340 804 4388 For
823 4347 922 4390 statuas
941 4337 1077 4400 corrupted
1096 4336 1153 4385 into
1170 4339 1279 4387 r'tactuar
