2842 4860
607 270 661 335 III

116 428 165 492 vis
188 427 297 505 animi,
320 427 382 491 nisi
406 427 467 491 erit
490 451 614 492 consors
636 430 671 492 in
694 430 817 515 origine
838 431 967 516 prima?

116 530 235 614 quidve
257 531 340 594 foras
363 530 425 593 sibi
447 531 519 594 vult
542 532 695 596 membris
719 533 804 597 exire
828 533 988 598 senentis?

117 655 159 696 an
181 634 300 699 metuit
322 634 471 698 conclusa
493 657 623 698 manere
646 635 680 698 in
702 658 831 720 corpore
853 637 942 721 putri

117 747 151 800 et
173 738 288 801 domus
311 737 428 802 aetatis
451 739 555 822 spatio
577 762 618 803 ne
642 740 725 804 fessa
747 749 875 804 vetusto

116 842 254 905 obruat?
284 850 318 905 at
339 865 405 906 non
427 851 503 906 sunt
525 844 701 908 immortali
723 845 789 908 ulla
811 845 937 930 pericla.
1172 858 1233 924 775
1312 842 1313 845 '

159 943 310 1028 Denique
333 943 471 1008 conubia
492 945 534 1008 ad
557 945 692 1010 Veneris
714 955 891 1031 partusque
914 947 1053 1010 ferarum

117 1068 185 1109 esse
208 1046 332 1110 animas
354 1039 482 1132 praesto
505 1047 718 1111 deridiculum
741 1071 810 1113 esse
832 1049 969 1126 videtur,

118 1157 286 1234 expectare
309 1151 500 1215 immortalis
522 1153 671 1217 mortalia
693 1153 839 1218 membra

116 1253 285 1318 innumero
307 1276 442 1318 numero
465 1263 652 1340 certareque
675 1266 962 1341 praeproperanter

116 1357 202 1420 inter
223 1379 257 1421 se
280 1380 363 1442 quae
385 1358 491 1442 prima
512 1359 743 1446 potissimaque
766 1360 969 1440 insinuetur;
1072 1393 1076 1399 ·

118 1461 145 1523 si
166 1484 230 1525 non
253 1463 334 1526 forte
357 1463 404 1526 ita
426 1471 503 1526 sunt
525 1464 707 1527 animarum
730 1464 859 1528 foedera
881 1474 976 1549 pacta

117 1570 156 1626 ut
177 1584 259 1647 quae
282 1563 387 1647 prima
408 1565 518 1628 volans
541 1565 709 1631 advenerit
730 1567 913 1631 insinuetur

117 1665 221 1750 prima
242 1689 347 1751 neque
371 1667 457 1731 inter
479 1690 512 1732 se
535 1669 734 1733 contendant
756 1669 877 1734 viribus
899 1669 1012 1733 hilum.

159 1769 310 1856 Denique
332 1771 367 1834 in
390 1771 521 1836 aethere
544 1795 608 1836 non
631 1774 732 1852 arbor,
754 1797 819 1837 non
841 1796 979 1858 aequore
1002 1773 1036 1836 in
1058 1773 1124 1836 alto

117 1872 219 1936 nubes
242 1894 310 1936 esse
333 1881 459 1956 queunt
481 1896 541 1937 nec
563 1874 666 1958 pisces
688 1875 796 1940 vivere
818 1875 853 1938 in
875 1875 959 1939 arvis
1174 1875 1234 1954 785

116 1997 175 2039 nec
197 1998 290 2040 cruor
311 1976 346 2039 in
369 1977 466 2061 lignis
489 1999 595 2061 neque
618 1978 702 2042 saxis
725 2001 820 2043 sucus
842 1979 954 2043 inesse.

117 2088 243 2144 certum
266 2102 303 2143 ac
325 2079 549 2164 dispositumst
572 2081 628 2144 ubi
651 2081 798 2166 quicquit
820 2089 939 2147 crescat
962 2089 995 2146 et
1016 2081 1104 2145 insit.

117 2181 163 2245 sic
185 2181 287 2245 animi
309 2191 427 2245 natura
448 2183 563 2267 nequit
585 2184 655 2248 sine
678 2206 807 2269 corpore
829 2184 905 2247 oriri

117 2286 184 2349 sola
205 2307 310 2370 neque
332 2308 352 2349 a
373 2286 479 2350 nervis
502 2294 536 2350 et
558 2286 713 2372 sanguine
736 2287 874 2372 longiter
896 2310 972 2352 esse.

117 2389 203 2474 quod
226 2389 253 2453 si
278 2389 398 2474 (posset
420 2390 508 2454 enim
531 2391 635 2454 multo
656 2392 757 2476 prius)
781 2393 852 2477 ipsa
873 2393 975 2457 animi
998 2392 1045 2456 vis
1173 2407 1237 2472 790

116 2496 151 2557 in
173 2495 280 2580 capite
302 2503 360 2559 aut
382 2495 502 2560 umeris
524 2503 582 2560 aut
604 2496 678 2560 imis
701 2496 842 2561 calcibus
865 2520 933 2562 esse

116 2606 224 2683 posset
246 2605 280 2662 et
302 2598 425 2662 innasci
448 2599 561 2684 quavis
583 2599 617 2663 in
639 2608 742 2685 parte,
766 2601 882 2666 soleret

116 2700 248 2765 tandem
271 2702 306 2764 in
328 2701 442 2765 eodem
464 2702 595 2766 homine
618 2712 717 2787 atque
739 2703 774 2767 in
797 2705 909 2769 eodem
932 2727 1006 2768 vase
1029 2725 1166 2767 manere.

117 2803 377 2888 quodquoniam
400 2812 510 2869 nostro
533 2827 661 2891 quoque
684 2815 810 2870 constat
832 2829 961 2891 corpore
983 2813 1107 2870 certum

118 2905 374 2990 dispositumque
396 2905 526 2969 videtur
547 2907 605 2970 ubi
627 2929 695 2972 esse
717 2916 751 2972 et
773 2930 912 2973 crescere
935 2908 1036 2992 possit
1172 2920 1243 2988 795·

117 3029 241 3072 sorsum
263 3009 372 3072 anima
394 3017 493 3093 atque
515 3010 651 3089 animus,
673 3019 766 3075 tanto
788 3011 890 3096 magis
913 3010 1120 3074 infitiandum

117 3119 224 3176 totum
246 3134 338 3198 posse
360 3099 453 3177 extra
475 3135 588 3198 corpus
611 3115 728 3179 durare
749 3116 898 3200 genique.

117 3239 225 3301 quare,
248 3239 361 3302 corpus
383 3218 440 3282 ubi
462 3219 595 3298 interiit,
617 3220 750 3304 periisse
772 3229 931 3285 necessest

117 3319 287 3384 confiteare
309 3319 452 3384 animam
474 3320 660 3394 distractam
683 3322 718 3384 in
739 3343 868 3407 corpore
891 3331 966 3386 toto.

116 3423 236 3508 quippe
259 3425 381 3488 etenim
404 3426 539 3498 mortale
561 3433 691 3490 aeterno
714 3426 846 3511 iungere
869 3435 903 3491 et
924 3447 991 3500 upa
1173 3427 1237 3488 800

117 3528 296 3592 consentire
317 3537 435 3614 putare
458 3537 492 3592 et
514 3529 606 3614 fungi
628 3537 745 3600 mutua
767 3552 858 3615 posse

117 3631 309 3717 desiperest;
339 3631 419 3716 quid
442 3631 529 3705 enirn
552 3632 707 3704 diversius
730 3655 799 3699 esse
821 3633 1036 3719 putandumst

29 3839 92 3886 atto.
127 3838 193 3884 salso
209 3835 289 3886 Lach.
307 3836 414 3885 because
428 3838 494 3886 salso
510 3835 533 3884 is
549 3835 631 3897 found
647 3835 676 3895 in
693 3836 737 3885 the
748 3835 885 3898 repetition
902 3836 931 3884 of
945 3834 999 3885 this
1014 3850 1122 3898 passage
1138 3849 1155 3884 v
1171 3835 1233 3884 128:

28 3919 76 3968 but
93 3932 123 3968 ae
140 3918 217 3968 Lucr.
235 3933 264 3968 so
281 3920 352 3968 olten
368 3919 450 3968 varies
467 3919 495 3968 in
513 3919 578 3968 such
591 3919 687 3982 points,
699 3919 713 3968 I
727 3924 824 3986 cannot
839 3919 915 3981 bring
925 3919 1055 3982 myselfto
1066 3917 1156 3979 depart
1168 3917 1234 3965 from

28 4002 147 4054 thamsa.
249 4003 296 4052 789
314 4004 421 4065 tenuiter
431 4001 612 4052 Lamb.Lach.
646 4003 744 4063 longius
761 4000 796 4050 all
813 4016 875 4050 mss.
892 4000 952 4050 here
968 4001 1022 4050 and
1037 4015 1054 4049 v
1071 4001 1133 4048 133:
1151 4013 1234 4060 comp.

28 4083 85 4134 676.
188 4083 317 4134 tao—793
334 4097 377 4131 are
393 4081 513 4143 repeated
528 4097 545 4130 v
557 4081 685 4130 134-137
702 4079 811 4129 without
826 4080 871 4129 the
882 4095 943 4131 mss.
957 4079 1075 4141 differing
1085 4079 1114 4126 in
1125 4093 1141 4127 a
1153 4076 1235 4138 single

26 4165 114 4214 letter.
148 4162 162 4212 I
184 4164 271 4213 fiatter
287 4164 382 4227 myself
396 4163 410 4212 1
426 4163 492 4212 have
508 4162 583 4212 made
600 4161 644 4212 the
660 4177 769 4225 passage
786 4162 854 4211 clear
869 4162 903 4224 by
919 4176 935 4211 a
951 4164 1047 4210 correct
1063 4159 1235 4224 punctuation

26 4246 138 4297 without
153 4246 198 4296 the
211 4246 310 4308 change
322 4247 350 4295 of
360 4261 376 4296 a
387 4245 471 4295 word:
489 4247 537 4298 790
550 4253 633 4309 posset
650 4247 716 4294 enim
732 4247 810 4294 multo
823 4247 898 4309 prius
916 4244 930 4293 1
946 4245 1048 4294 enclose
1064 4243 1093 4291 in
1109 4243 1233 4299 brackets,

26 4328 83 4379 and
97 4327 174 4391 begin
189 4329 234 4378 the
250 4322 369 4391 apodosis
385 4332 413 4378 at
427 4330 525 4377 soleret.
559 4327 638 4378 Lach.
653 4327 714 4376 hare
725 4327 778 4377 and
788 4326 817 4376 in
827 4342 844 4375 v
854 4326 929 4375 reads
942 4328 1011 4388 Quiri
1021 4328 1044 4374 si
1056 4332 1139 4389 posset
1150 4326 1234 4374 enim?

27 4413 117 4461 multo.
151 4410 217 4460 Mar.
229 4409 288 4460 Ald.
302 4411 315 4458 1
328 4410 402 4459 Junt.
414 4411 484 4471 vulg.
496 4409 552 4472 give
564 4412 620 4459 Hoc
631 4411 654 4459 st
666 4417 751 4472 posset
762 4413 837 4468 enim,
849 4410 935 4458 multo.
1066 4409 1114 4457 800
1129 4409 1234 4458 narrate

1045 4510 1160 4569 in-n
