2842 4860
139 447 221 510 quae
243 423 305 488 tibi
327 423 485 509 posterius
507 422 596 507 largo
618 443 762 485 sermone
784 421 932 505 probabo.

138 529 243 592 dicere
265 551 357 614 porro
380 527 548 591 hominum
571 548 666 589 causa
689 524 826 588 voluisse
847 546 960 609 parare

138 631 333 716 praeclaram
356 630 469 694 mundi
491 637 641 693 naturam
664 636 896 713 proptereaque

137 733 340 797 adlaudabile
363 756 442 818 opus
464 733 572 797 divom
595 732 725 796 laudare
748 730 860 794 decere

138 847 370 924 aetemumque
392 845 507 923 putare
530 844 627 921 atque
650 824 820 899 inmortale
843 834 991 898 futurum

139 963 198 1004 nec
220 941 267 1004 fas
290 963 366 1016 esse,
388 939 486 1003 deum
509 939 594 1024 quod
616 937 658 1003 sit
681 939 805 1003 ratione
827 945 958 1002 vetusta

140 1043 293 1129 gentihus
315 1041 465 1111 humanis
486 1040 660 1105 fundatum
682 1049 839 1126 perpetuo
861 1061 948 1116 aevu,

139 1145 297 1209 solicitare
320 1145 385 1209 suis
407 1144 475 1208 ulla
496 1144 529 1208 vi
551 1167 591 1208 ex
613 1144 742 1209 sedibus
764 1166 919 1230 umquam

139 1270 198 1311 neo
220 1248 325 1311 verbis
347 1268 462 1311 vexare
485 1254 519 1310 et
541 1247 582 1311 ab
604 1247 670 1310 imo
692 1255 836 1311 evertere
859 1271 993 1326 summa,

140 1357 246 1412 cetera
268 1350 307 1413 de
330 1371 447 1436 genere
470 1348 529 1413 hoc
552 1350 715 1436 adfingere
739 1358 773 1414 et
795 1351 922 1428 addere,
944 1350 1088 1428 Memmi,

142 1453 325 1538 desiperest.
357 1453 436 1538 quid
458 1453 545 1516 enim
567 1452 792 1516 inmortalibus
814 1461 912 1538 atque
935 1454 1040 1518 beatis

141 1556 247 1642 gratia
268 1563 377 1620 nostra
399 1563 496 1641 queat
520 1555 665 1642 largirier
686 1555 905 1632 emolumenti,

142 1666 180 1721 ut
203 1667 312 1722 nostra
334 1659 506 1744 quicquam
528 1681 624 1722 causa
645 1680 755 1745 gerere
778 1658 1031 1746 adgredianturl

143 1760 261 1846 quidve
283 1762 359 1824 novi
380 1761 488 1846 potuit
512 1769 604 1824 tanto
626 1769 699 1847 post
721 1770 798 1826 ante
821 1762 946 1847 quietos

142 1865 272 1929 inlicere
293 1873 332 1929 ut
355 1872 510 1950 cuperent
532 1865 634 1928 vitam
657 1873 784 1928 mutare
806 1864 970 1949 prioreml

142 1991 218 2031 nam
240 1967 380 2054 gaudere
402 1967 493 2031 novis
514 1968 610 2031 rebus
632 1966 748 2031 debere
771 1967 901 2031 videtur

143 2071 196 2135 oui
218 2079 342 2134 veteres
364 2071 501 2150 obsunt;
530 2070 586 2133 sed
608 2070 661 2134 cui
682 2069 729 2133 nil
752 2069 869 2134 accidit
891 2069 980 2157 aegri

143 2182 287 2258 tempore
309 2173 344 2236 in
366 2180 523 2250 anteacto,
546 2195 621 2236 cum
642 2174 775 2258 pulchre
798 2173 930 2260 degeret
952 2195 1072 2251 aevom,

145 2276 224 2361 quid
245 2276 353 2360 potuit
375 2275 530 2338 novitatis
552 2298 693 2339 amorem
716 2276 888 2340 accendere
911 2277 995 2341 tali?

60 2393 119 2462 175
144 2402 194 2457 an,
217 2380 318 2455 credo,
341 2379 376 2442 in
398 2379 540 2443 tenebris
562 2380 631 2443 vita
653 2402 690 2444 ac
712 2402 854 2443 maerore
877 2379 1011 2456 iaccbat,

144 2483 244 2547 donec
266 2482 384 2546 diluxit
406 2504 514 2545 rerum
536 2482 688 2569 genitalis
711 2483 806 2568 origo.

62 2604 124 2670 174
145 2587 262 2672 quidve
285 2586 362 2649 mali
384 2586 491 2649 fuerat
512 2587 604 2651 nobis
626 2608 691 2649 non
713 2608 781 2649 esse
804 2584 942 2649 creatis?

61 2704 121 2771 177
144 2697 240 2752 natus
263 2688 349 2752 enim
373 2688 470 2751 debet
493 2688 688 2773 quicumque
711 2696 761 2751 est
783 2688 865 2752 velle
889 2709 1019 2752 manere

145 2791 180 2854 in
202 2791 278 2866 vita,
301 2790 401 2854 donec
422 2791 577 2854 retinebit
599 2791 718 2855 blanda
740 2792 896 2876 voluptas

146 2895 202 2981 qui
224 2917 401 2979 numquam
423 2917 497 2957 vero
520 2895 606 2957 vitae
629 2895 775 2981 gustavit
797 2917 939 2958 amorem

145 3022 205 3063 nec
227 2999 290 3062 fuit
312 2999 347 3061 in
368 3021 510 3074 numero,
533 2999 612 3083 quid
634 2999 725 3062 obest
748 3021 812 3062 non
835 3021 902 3062 esse
925 2999 1093 3062 creatum?
1207 3001 1267 3062 180

147 3102 331 3186 exemplum
353 3123 445 3185 porro
467 3101 641 3187 gignundis
663 3101 759 3164 rebus
781 3108 815 3164 et
837 3101 908 3185 ipsa

146 3205 278 3269 notities
301 3204 383 3268 divis
405 3203 572 3267 hominum
594 3204 681 3267 unde
704 3213 754 3268 est
775 3203 873 3267 insita
895 3203 1036 3288 primum

147 3309 226 3394 quid
247 3309 368 3372 vellent
391 3309 493 3372 facere
517 3316 555 3371 ut
577 3309 696 3373 scirent
718 3309 889 3394 animoque
912 3308 1069 3381 viderent,

147 3435 250 3498 quove
273 3412 398 3475 modost
420 3434 575 3496 umquam
598 3412 647 3476 vis
670 3413 799 3499 cognita
821 3411 1051 3497 principiorum

147 3518 288 3604 quidque
310 3517 397 3581 inter
418 3539 484 3582 sese
506 3525 691 3602 permutato
714 3517 824 3582 ordine
847 3525 986 3602 possent,
1210 3522 1265 3598 185

147 3622 175 3686 si
196 3644 261 3684 non
282 3619 353 3705 ipsa
376 3619 466 3684 dedit
488 3619 652 3706 specimen
673 3628 791 3685 natura
813 3619 965 3685 creandi?

147 3746 286 3810 namque
308 3724 357 3787 ita
379 3723 483 3787 multa
504 3723 607 3788 modis
629 3724 742 3788 multis
763 3723 939 3809 primordia
960 3743 1067 3788 rerum

61 3917 162 3967 deorum
172 3915 252 3964 Lech.
287 3924 369 3964 tenues
381 3930 425 3964 ceu
436 3930 539 3978 corporo
550 3929 633 3964 eorum
643 3912 693 3963 Ed.
705 3912 733 3962 in
746 3911 822 3963 small
833 3911 873 3963 ed.
956 3912 1158 3964 162ullooiea.
1192 3913 1272 3964 ullum

62 4001 92 4048 de
104 3997 196 4047 Lamb.
209 3996 304 4046 Oreeoh
316 4002 364 4045 etc.
377 4000 445 4044 most
456 3995 637 4058 gratuitouely.
737 3996 784 4045 163
801 4009 903 4044 summo.
936 4009 1054 4044 runrrnom
1064 3994 1217 4046 Lambetc.

114 4081 161 4131 174
179 4081 226 4129 175
238 4079 295 4142 (175
312 4077 368 4142 176)
380 4077 477 4142 rightly
488 4078 577 4141 placed
588 4078 621 4141 by
631 4076 722 4127 Lamb.
734 4077 820 4127 before
831 4077 879 4130 176
892 4077 971 4143 (174)ι
988 4077 1035 4127 but
1047 4078 1087 4127 for
1097 4079 1178 4137 credo,
1187 4077 1272 4128 uhioh

62 4179 114 4214 can
131 4162 243 4225 scarcely
259 4161 290 4211 be
306 4159 385 4222 right,
401 4161 415 4210 Ι
431 4175 541 4224 propose
558 4175 667 4224 crepero.
699 4160 779 4211 Laoh.
797 4159 884 4209 whom
898 4159 913 4209 I
929 4157 1048 4210 followed
1063 4158 1193 4222 formerly,
1210 4164 1272 4222 puts

63 4246 137 4296 them
152 4244 239 4294 before
256 4244 313 4307 170,
326 4241 379 4293 and
395 4241 470 4293 reads
486 4246 521 4293 At
536 4242 628 4291 forda
638 4241 667 4290 in
679 4241 735 4294 174.
867 4241 915 4290 182
932 4241 999 4291 diois
1015 4239 1140 4291 hominm
1155 4241 1221 4292 uude
1237 4248 1274 4292 ert

62 4329 114 4381 Ed.
127 4329 167 4378 for
185 4330 309 4378 homiuum
325 4328 392 4377 divis
408 4329 473 4376 unde
490 4334 534 4376 ert.
570 4327 694 4375 hominum
710 4326 751 4375 dir
767 4324 832 4374 unde
847 4320 1063 4375 arwinum
1096 4320 1272 4376 atmflat.
1339 4386 1343 4393 Ι

64 4409 402 4464 Ald.1Junt.Lamb.etc.
436 4409 546 4460 divisum
562 4409 628 4459 deest
638 4406 709 4458 Nica
721 4406 793 4457 Mon.
805 4404 864 4457 Ver.
874 4406 941 4458 Van.
1071 4404 1108 4455 2⁶¹
