2842 4860
681 257 730 322 VI

189 421 275 507 quod
296 421 324 486 si
345 421 496 507 Iuppiter
517 428 615 507 atque
638 419 694 484 alii
716 419 876 507 fulgentia
897 418 963 483 divi

187 524 326 589 terrifico
348 524 502 610 quatiunt
524 524 632 588 sonitu
655 523 806 588 caelestia
828 523 952 609 templa

160 691 163 696 .
188 636 221 692 et
244 627 367 693 iaciunt
389 628 498 714 ignem
522 650 585 713 quo
607 627 774 713 quoiquest
796 649 933 712 cumque
956 626 1114 712 voluptas,

187 754 244 796 cur
266 731 383 816 quibus
404 732 572 795 incautum
595 731 697 795 scelus
719 730 895 795 aversabile
918 737 1088 815 cumquest

189 858 253 900 non
275 835 399 899 faciunt
421 835 479 899 icti
501 835 647 899 flammas
669 843 708 899 ut
730 835 867 923 fulguris
889 834 1001 898 halent

188 948 316 1026 pectore
339 940 469 1025 perfixa
493 940 650 1005 documen
672 940 862 1005 mortalibus
884 963 965 1017 acre,

190 1053 223 1109 et
246 1045 354 1131 potius
376 1045 467 1108 nulla
488 1045 550 1110 sibi
572 1046 661 1131 turpi
683 1046 827 1110 conscius
849 1046 883 1109 in
905 1069 939 1110 re

189 1149 330 1214 volvitur
351 1150 386 1213 in
408 1150 546 1214 fiammis
568 1150 718 1214 innoxius
740 1150 837 1235 inque
860 1149 992 1235 peditur

190 1253 319 1319 turbine
343 1251 479 1318 caelesti
496 1253 603 1318 subito
626 1261 790 1339 correptus
812 1261 846 1317 et
868 1254 960 1341 igni?

190 1378 247 1419 cur
268 1356 367 1419 etiam
390 1355 459 1420 loca
481 1355 547 1419 sola
568 1363 687 1441 petunt
709 1355 891 1441 frustraque
914 1354 1083 1420 laborant?

190 1481 232 1522 an
255 1466 325 1522 tum
348 1459 498 1523 bracchia
520 1467 732 1523 consuescunt
755 1459 950 1545 firmantque
973 1459 1131 1523 lacertos?

190 1562 224 1625 in
247 1570 395 1648 terraque
418 1563 519 1649 patris
542 1585 599 1627 cur
620 1563 723 1626 telum
746 1562 975 1648 perpetiuntur

191 1666 353 1751 optundit
384 1689 441 1730 cur
462 1666 531 1752 ipse
554 1667 632 1731 sinit
654 1689 759 1752 neque
781 1666 885 1752 parcit
908 1666 942 1730 in
964 1666 1090 1731 hostis?

190 1769 328 1856 denique
351 1793 408 1835 cur
429 1794 606 1856 numquam
629 1772 716 1836 caelo
737 1772 815 1836 iacit
836 1771 980 1857 undique
1003 1795 1083 1858 puro

190 1874 341 1960 Iuppiter
362 1873 398 1938 in
420 1882 518 1940 terras
540 1874 664 1939 fulmen
686 1875 873 1960 sonitusque
896 1874 1085 1960 profundit?

189 2001 232 2042 an
254 1978 350 2042 simul
372 1978 534 2043 ao·nubes
556 1992 742 2056 successere,
764 1979 833 2063 ipse
855 1978 890 2041 in
912 2000 966 2042 eas
988 1986 1060 2042 tum

188 2081 361 2159 descendit,
383 2105 482 2169 prope
505 2091 543 2147 00
565 2083 641 2148 hinc
663 2083 722 2148 teli
744 2083 939 2148 determinet
961 2083 1069 2148 ictus?

191 2189 225 2251 in
248 2211 335 2253 mare
358 2211 423 2274 qua
444 2211 537 2274 porro
559 2188 664 2253 mittit
687 2188 836 2252 ratione?
866 2187 945 2273 quid
966 2187 1069 2252 undas

191 2292 299 2379 arguit
322 2300 356 2357 et
378 2293 534 2378 liquidam
557 2293 674 2358 molem
697 2316 888 2379 camposque
911 2292 1079 2357 natantis?

191 2403 359 2482 praeterea
380 2397 408 2460 si
430 2397 502 2461 vult
524 2420 694 2462 caveamus
716 2397 861 2462 fulminis
882 2397 994 2474 ictum,

192 2523 248 2565 cur
270 2500 400 2565 dubitat
422 2502 526 2567 facere
548 2510 586 2566 ut
609 2502 767 2588 possimus
789 2525 917 2567 cernere
941 2502 1100 2567 missum?

192 2605 219 2668 si
241 2628 301 2670 nec
323 2606 485 2692 opinantis
507 2616 618 2672 autem
641 2608 709 2673 volt
732 2607 911 2694 opprimere
933 2607 1011 2694 igni,

193 2732 249 2774 cur
270 2717 363 2774 tonat
386 2733 425 2774 ex
447 2711 504 2774 illa
525 2719 627 2797 parte,
649 2718 688 2775 ut
710 2710 812 2774 vitare
835 2732 1000 2795 queamus,

191 2838 247 2879 cur
268 2816 418 2880 tenebras
440 2823 516 2880 ante
539 2823 574 2881 et
595 2816 743 2881 fremitus
765 2823 800 2880 et
821 2837 989 2879 murmura
1010 2815 1141 2879 eoncitf

191 2927 225 2983 00
248 2919 344 2982 simul
366 2919 400 2982 in
422 2920 543 2984 multas
564 2920 666 3006 partis
689 2919 745 3005 qui
767 2919 897 2984 credere
919 2919 1021 3005 possis

190 3023 344 3088 mittere?
374 3046 416 3088 an
438 3025 498 3089 hoo
520 3024 606 3089 ausis
628 3046 806 3109 numquam
830 3021 1023 3087 contendere
1046 3023 1178 3101 factum,

191 3136 230 3192 ut
252 3129 368 3192 fierent
390 3129 474 3193 ictus
496 3152 561 3193 uno
583 3129 644 3193 sub
666 3137 811 3215 tempore
834 3129 966 3215 plures?

191 3241 226 3298 at
248 3240 375 3319 saepest
396 3255 531 3296 numero
553 3233 675 3296 factum
698 3230 832 3318 fierique
855 3239 1024 3310 necessest,

189 3345 228 3402 ut
249 3337 361 3423 pluere
383 3336 418 3401 in
440 3337 552 3402 multis
574 3336 758 3423 regionibus
780 3343 815 3401 et
837 3335 950 3400 cadere
972 3335 1093 3413 imbris,

191 3441 328 3504 fulmina
349 3440 394 3505 sio
416 3463 482 3504 uno
503 3441 574 3505 fieri
595 3441 655 3505 sub
678 3449 823 3526 tempore
846 3441 958 3504 multa.

190 3551 351 3630 postremo
373 3566 430 3608 cur
452 3552 563 3608 sancta
585 3543 682 3608 deum
700 3542 840 3608 delubra
862 3566 1000 3629 suasque

191 3645 324 3710 discutit
346 3645 463 3710 infesto
485 3646 664 3730 praeclaras
686 3645 821 3709 fulmine
845 3644 936 3708 sedes
959 3630 961 3637 ’

193 3758 227 3814 00
249 3750 331 3814 bene
355 3750 440 3814 faeta
462 3748 560 3813 deum
582 3749 702 3836 frangit
725 3748 895 3813 simulacra
916 3747 1046 3832 suisque

191 3853 293 3918 demit
315 3853 511 3941 imaginibus
533 3853 674 3918 violento
696 3853 824 3917 volnere
847 3851 1026 3915 honorem?
1247 3870 1313 3933 420

104 4026 134 4062 as
145 4010 174 4059 in
186 4011 226 4060 88.
347 4010 395 4059 389
407 4023 454 4071 quo
466 4010 605 4070 quoiquest.
640 4024 688 4071 quo
699 4009 789 4070 cuique
800 4015 836 4058 cst
848 4007 917 4056 Flor.
930 4007 960 4056 31
973 4005 1062 4056 (lamb.
1075 4007 1140 4056 Mar.
1153 4009 1201 4057 eto.
1213 4007 1253 4057 for
1264 4024 1313 4071 quo

103 4096 211 4157 laqueat.
244 4093 359 4156 comptas
371 4092 444 4140 Junt.
457 4091 515 4141 first
528 4091 585 4157 (not
596 4091 664 4141 Flor.
678 4091 709 4140 31
721 4105 750 4140 or
762 4089 836 4155 Mar.)
848 4089 889 4139 for
899 4091 1022 4139 voluutas.
1139 4089 1187 4138 401
1200 4091 1314 4153 luppiter

103 4179 133 4226 tn
145 4183 224 4225 terras
235 4173 306 4224 Nico.
317 4174 340 4223 B
351 4187 416 4225 oorr.
428 4173 469 4224 for
479 4176 651 4238 Iuppiterrar:
668 4172 716 4223 but
727 4172 791 4222 both
802 4172 824 4220 B
836 4170 889 4221 and
899 4170 969 4219 Nice.
982 4170 1046 4232 spell
1060 4171 1165 4233 Iupiter.
1264 4172 1313 4236 402

102 4258 198 4322 ipsein
209 4271 251 4306 eor
262 4263 316 4308 aa
323 4255 417 4309 lamb.
428 4255 488 4309 llrst
497 4247 539 4308 for
548 4258 602 4320 ipse
613 4259 643 4307 tn
654 4264 756 4306 aarum.
785 4258 854 4319 ipsas
865 4258 894 4304 in
904 4261 999 4304 certum
1009 4253 1078 4302 Flor.
1088 4254 1118 4301 31
1131 4253 1220 4303 (lamb.
1229 4256 1244 4303 3
1253 4254 1313 4305 Vat.

104 4340 171 4390 Mar.
182 4337 260 4390 Wsk.
304 4368 308 4375 -
389 4336 441 4384 lm
455 4338 600 4391 Murco.
632 4336 884 4402 ProptereaANieo.
918 4339 941 4384 si
957 4337 1012 4384 vult
1027 4334 1123 4383 Arane.
1136 4335 1269 4385 (laudidus
1285 4340 1313 4388 at

102 4420 155 4474 end
172 4420 202 4472 of
215 4418 279 4472 Jn‘m
531 4423 599 4475 vivit
614 4421 646 4486 Β,
659 4424 683 4472 si
699 4423 765 4472 iavit
780 4420 810 4480 A,
822 4422 904 4469 senuit
914 4418 985 4467 Nica.
997 4419 1049 4468 sevi
1059 4425 1088 4467 00
1099 4418 1168 4469 Flor.
1180 4419 1212 4467 31
1224 4418 1313 4472 camb.
