2842 4860
632 259 687 324 III

145 424 230 508 quod
253 445 356 509 genus
378 431 436 500 est,
458 423 566 487 animo
589 425 673 488 male
695 424 819 488 factum
842 444 916 486 cum
938 421 1132 508 perhibetur

144 536 202 591 aut
223 527 367 590 animam
388 527 540 611 liquisse3
570 526 628 591 ubi
649 526 717 590 iam
739 526 923 611 trepidatur
944 534 978 590 et
1000 548 1112 591 omues

145 638 326 694 extremum
349 631 487 715 cupiunt
508 629 595 693 vitae
609 630 872 715 repraehendere
896 630 1046 695 vinclum.

56 732 122 794 600
144 740 377 815 conquassatur
398 731 487 794 enim
510 739 581 795 tum
604 752 696 795 meus
719 731 911 816 animaeque
932 739 1075 815 potestas

144 836 249 898 omnis
271 843 304 899 et
327 835 406 898 haec
430 836 498 919 ipso
522 857 596 898 cum
619 857 748 920 corpore
771 835 1009 916 conlabefiunt;

143 948 182 1003 ut
203 940 330 1024 gravior
350 939 447 1022 paulo
469 938 570 1022 possit
593 938 765 1002 dissolvere
789 960 894 1002 causa.

145 1044 223 1128 quid
246 1043 377 1106 dubitas
400 1043 533 1106 tandem
550 1042 627 1126 quin
653 1050 746 1106 extra
768 1042 896 1127 prodita
918 1065 1031 1128 corpus

145 1149 297 1212 inbecilla
318 1148 402 1210 foras
425 1147 460 1210 in
482 1154 603 1231 apertu,
624 1147 768 1231 tegmine
791 1147 931 1232 dempto

56 1257 118 1334 605
144 1275 208 1316 non
232 1252 326 1315 modo
348 1274 413 1315 non
437 1273 566 1315 omnem
588 1252 689 1335 possit
711 1252 825 1315 durare
848 1274 905 1336 per
927 1273 1050 1328 aevom,

144 1355 199 1419 sed
223 1355 394 1418 minimum
417 1354 552 1438 quodvis
575 1363 717 1438 nequeat
740 1354 913 1418 consistere
936 1358 1092 1438 tempus?

59 1460 122 1539 576
145 1479 243 1542 quare
266 1457 365 1520 etiam
388 1464 486 1540 atque
510 1456 609 1520 etiam
631 1457 771 1520 resoluto
793 1455 932 1541 corporis
954 1457 1043 1520 omni

144 1558 288 1644 tegmine
310 1567 345 1622 et
367 1557 477 1621 eiectis
500 1566 591 1621 extra
614 1558 767 1622 vitalibus
790 1559 877 1622 auris

144 1660 277 1724 dissolui
299 1682 411 1724 sensus
434 1660 535 1724 animi
557 1661 678 1724 fateare
701 1670 862 1725 necessest

142 1775 241 1851 atque
263 1765 414 1842 animam,
436 1766 590 1848 quoniam
613 1765 816 1829 coniunctast
838 1787 935 1829 causa
957 1763 1091 1829 duobus.

59 1873 122 1950 580
188 1867 337 1952 Denique
360 1889 435 1931 cum
458 1889 571 1951 eorpus
593 1876 735 1954 nequeat
757 1868 896 1952 perferre
919 1868 1040 1931 animai

143 1972 314 2036 discidium
337 1972 417 2056 quin
439 1971 474 2035 in
497 1980 601 2035 taetro
624 1971 769 2036 tabescat
791 1971 896 2047 odore,

144 2075 222 2160 quid
245 2075 375 2139 dubitas
397 2075 477 2159 quin
501 2097 540 2138 ex
563 2075 628 2138 imo
650 2074 845 2158 penitusque
867 2081 975 2138 coorta

144 2181 304 2244 emanarit
326 2180 376 2245 uti
399 2181 508 2243 fumus
530 2180 648 2243 diffusa
670 2179 797 2243 animae
819 2179 875 2256 vis,

144 2293 242 2370 atque
264 2285 337 2348 ideo
359 2292 453 2349 tanta
475 2292 638 2348 mutatum
661 2293 756 2368 putre
778 2283 874 2347 ruina

58 2394 119 2472 585
144 2390 317 2454 conciderit
339 2411 461 2473 corpus,
483 2388 615 2473 penitus
637 2387 715 2473 quia
736 2396 825 2450 mota
846 2387 915 2450 loco
937 2393 1014 2450 sunt

143 2493 361 2571 fundamenta,
384 2494 468 2556 foras
490 2491 599 2556 anima
621 2500 793 2556 emanante
815 2513 874 2575 per
896 2499 986 2554 artus

142 2620 262 2683 perque
284 2597 409 2661 viarum
433 2596 537 2659 omnis
559 2595 670 2670 flexus,
692 2594 726 2657 in
750 2616 878 2678 corpore
902 2594 958 2679 qui
981 2601 1066 2672 sunt,

142 2712 241 2787 atque
264 2701 445 2766 foramina?
475 2699 676 2764 multimodis
698 2707 737 2763 ut
758 2721 888 2763 noscere
910 2699 1011 2783 possis

143 2805 346 2890 dispertitam
369 2805 496 2867 animae
519 2812 670 2867 naturam
693 2803 795 2866 exisse
818 2823 875 2885 per
897 2810 988 2865 artus

57 2922 121 2990 590
144 2916 178 2973 et
200 2909 289 2993 prius
311 2929 379 2970 esse
402 2907 463 2970 sibi
487 2907 675 2971 distractam
697 2929 826 2991 corpore
850 2907 986 2991 inipso,

143 3035 240 3098 quam
263 3013 411 3097 prolapsa
433 3013 517 3075 foras
539 3020 651 3075 enaret
673 3011 706 3073 in
729 3010 810 3074 aeris
833 3032 934 3074 auras.

143 3139 202 3180 nec
225 3116 286 3179 sibi
310 3117 396 3180 enim
419 3117 590 3200 quisquam
613 3115 753 3178 moriens
775 3115 895 3179 sentire
917 3114 1047 3179 videtur

143 3221 189 3284 ire
211 3221 294 3284 foras
316 3221 459 3283 animam
481 3219 675 3283 incolumem
698 3219 738 3283 de
761 3241 889 3303 corpore
912 3228 980 3284 toto

143 3346 202 3387 nec
225 3324 315 3408 prius
337 3323 378 3387 ad
401 3324 550 3408 iugulum
573 3332 607 3387 et
629 3345 746 3407 supera
768 3323 937 3387 succedere
961 3324 1077 3401 fauces

142 3450 255 3491 verum
278 3426 414 3491 deficere
437 3428 472 3490 in
495 3436 582 3491 certa
603 3427 734 3512 regione
756 3427 915 3506 locatam;

142 3541 180 3595 ut
203 3554 322 3595 sensus
336 3532 415 3594 alios
437 3531 473 3594 in
495 3533 580 3616 parti
603 3553 764 3616 quemque
786 3554 845 3596 sua
867 3534 927 3596 seit

142 3635 283 3699 dissolui.
314 3634 399 3718 quod
422 3634 449 3697 si
472 3634 651 3698 inmortalis
673 3643 782 3699 nostra
804 3635 887 3699 foret
909 3657 1008 3712 mens

141 3760 207 3801 non
229 3747 298 3802 tam
321 3760 355 3801 se
377 3737 518 3801 moriens
540 3738 671 3802 dissolvi
693 3748 950 3823 conquereretur,

142 3842 197 3906 sed
220 3842 323 3926 magis
346 3841 392 3905 ire
415 3841 497 3905 foras
520 3850 706 3926 vestemque
729 3843 920 3928 relinquere,
945 3851 983 3908 ut
1005 3844 1126 3929 anguis

53 3981 114 4029 580:
130 3977 201 4027 Nice.
214 3978 285 4026 Mon.
296 3976 367 4026 Brix.
379 3977 437 4026 Ver.
449 3977 513 4028 Ven.
528 3977 593 4025 omit
604 3978 652 4029 579
664 3976 717 4026 and
729 3978 785 4026 580.
884 3979 933 4027 580
945 3985 1032 4027 trunco
1043 3978 1126 4028 added
1137 3979 1170 4042 by
1180 3979 1262 4032 Lech.

53 4066 142 4114 cudere
154 4065 236 4112 omnia
248 4078 347 4124 corpore
360 4063 466 4110 numeru
477 4062 548 4112 Flor.
559 4062 590 4110 31
603 4061 693 4110 Gamb.
706 4061 771 4110 Mar.
783 4061 852 4123 vulg.
946 4063 993 4111 581
1001 4065 1183 4125 perhibeturB
1196 4080 1262 4116 corr.

53 4144 202 4206 imperitet
212 4143 242 4203 B,
252 4142 493 4205 periberetANiec.
595 4143 643 4192 591
657 4144 740 4204 Quare
752 4141 931 4192 NieuBcorr.
943 4142 983 4191 lor
996 4145 1074 4204 Quae.
1171 4146 1219 4198 597
1231 4163 1262 4195 eu

53 4227 122 4276 Flor.
137 4225 169 4273 31
181 4223 270 4273 camb.
282 4224 323 4272 for
334 4239 374 4272 eu.
490 4225 538 4274 598
549 4227 648 4273 animae
659 4226 698 4272 uie
710 4223 779 4271 Flor.
792 4224 823 4270 31
836 4223 924 4272 Gamb.
936 4223 993 4273 Ver.
1009 4223 1073 4272 Ven.
1085 4223 1151 4273 Mur.
1162 4228 1210 4273 etc.
1223 4225 1263 4274 for

53 4309 142 4358 ultima
164 4307 227 4355 eiua.
348 4305 395 4354 601
408 4306 482 4367 sorus
498 4307 585 4355 auimo
602 4313 733 4355 emanante
749 4304 824 4354 Wak.
843 4305 882 4353 lor
893 4307 966 4368 surus
983 4312 1088 4354 munem
1104 4308 1262 4371 animaeque.

49 4390 124 4453 sorae
140 4393 257 4438 manante
274 4388 361 4436 animo
378 4401 455 4450 usquc
472 4386 551 4435 Lech.
699 4386 772 4434 After
790 4386 837 4434 614
855 4387 920 4434 Mar.
934 4386 991 4434 Ald.
1007 4387 1020 4433 1
1038 4385 1112 4436 Junt.
1128 4387 1195 4448 vulg.
1211 4389 1263 4440 add
