2842 4860
685 259 721 326 11

184 427 255 513 ipsa
277 447 405 512 quoque
428 447 467 490 ex
490 424 563 490 aliis
585 423 706 489 debent
729 432 875 488 constare
898 423 1076 497 elementis,

184 531 259 596 inde
281 531 346 595 alia
367 552 407 595 ex
430 529 512 607 aliis,
533 550 695 615 nusquam
718 527 892 592 consistere
915 535 954 591 ut
975 527 1082 591 ausis:

183 634 303 719 quippe
326 654 450 718 sequar,
474 630 701 717 quodcumque
723 629 813 716 loqui
836 629 1005 715 ridereque
1027 629 1115 695 dices

184 745 219 802 et
240 757 361 822 sapere,
383 757 425 800 ex
446 734 518 799 aliis
540 733 655 798 eadem
677 734 756 797 haec
778 730 972 798 facientibus
994 740 1033 798 ut
1055 732 1107 798 sit.

185 838 272 922 quod
294 837 321 902 si
344 836 445 901 delira
466 837 547 900 haec
569 835 751 921 furiosaque
773 834 933 900 cernimus
956 857 1025 900 esse

184 950 218 1013 et
239 942 343 1006 ridere
365 948 473 1026 potest
496 962 561 1005 non
583 963 624 1003 ex
646 938 821 1007 ridentibu'
844 940 948 1004 factus

185 1054 218 1110 et
239 1067 350 1130 sapere
372 1052 406 1109 et
428 1043 531 1108 doctis
553 1043 712 1108 rationem
733 1043 868 1108 reddere
891 1043 985 1108 dictis

184 1172 249 1214 non
271 1172 311 1214 ex
333 1148 511 1213 seminibus
533 1147 734 1233 sapientibus
756 1154 854 1233 atque
877 1146 1014 1222 disertis

185 1251 242 1337 qui
263 1251 372 1316 minus
395 1273 463 1316 esse
487 1259 609 1337 queant
631 1271 775 1335 eaquae
797 1249 916 1314 sentire
938 1248 1086 1314 ridemus

185 1355 361 1421 seminibus
382 1354 544 1440 permixta
564 1352 749 1418 carentibus
771 1352 915 1438 undique
937 1356 1057 1418 sensu?

229 1457 379 1542 Denique
401 1453 533 1521 caelesti
555 1478 667 1520 sumus
689 1477 800 1520 omnes
822 1456 945 1521 semine
967 1457 1112 1538 oriundi;
1138 1469 1142 1478 “

185 1561 334 1626 omnibus
356 1560 411 1624 ille
434 1559 521 1624 idem
543 1566 637 1644 pater
659 1568 718 1636 est,
739 1561 827 1624 unde
849 1561 936 1626 alma
957 1561 1112 1648 liquentis

186 1665 307 1729 umoris
328 1673 441 1751 guttas
462 1672 567 1728 mater
590 1687 664 1729 oum
687 1672 774 1729 terra
795 1666 925 1750 recepit,

187 1770 255 1834 feta
277 1771 362 1855 parit
384 1769 505 1833 nitidas
528 1769 635 1853 fruges
657 1770 854 1854 arbustaque
875 1771 961 1834 laeta

190 1883 224 1939 et
246 1897 348 1960 genus
369 1875 559 1951 humanum,
583 1871 669 1958 parit
692 1874 801 1939 omnia
822 1876 927 1940 saecla
949 1875 1097 1953 ferarum,
1242 1890 1304 1958 995

186 1978 307 2063 pabula
329 1999 402 2041 curn
425 1977 560 2062 praebet
581 1977 700 2063 quibus
722 2000 832 2042 omnes
854 2001 985 2063 corpora
1006 1988 1143 2064 pascunt

188 2089 221 2145 et
243 2081 371 2146 dulcem
393 2081 517 2145 ducunt
539 2081 641 2145 vitam
664 2082 850 2167 prolemque
872 2091 1052 2168 propagant
1064 2107 1073 2162 3

187 2193 383 2272 quapropter
404 2183 520 2251 merito
543 2191 726 2248 maternum
748 2207 866 2249 nomen
888 2186 1008 2271 adepta
1029 2194 1087 2253 est.

188 2291 274 2355 cedit
295 2290 376 2354 item
398 2297 493 2366 retro,
514 2289 555 2353 de
576 2296 662 2353 terra
684 2287 770 2374 quod
794 2288 857 2353 fuit
878 2298 963 2367 ante,

188 2394 223 2457 in
245 2402 356 2472 terras,
380 2400 413 2457 et
436 2392 521 2476 quod
544 2391 710 2456 missumst
733 2415 773 2457 ex
795 2393 936 2457 aetheris
958 2392 1029 2472 oris,
1227 2411 1309 2459 1000

188 2498 223 2563 id
245 2520 372 2563 rursum
394 2497 474 2562 caeli
496 2497 648 2562 rellatum
670 2497 793 2582 templa
814 2505 991 2582 receptant.

188 2623 247 2664 nec
269 2600 315 2665 sio
336 2599 502 2664 interemit
524 2620 609 2663 mors
631 2621 683 2663 res
705 2607 744 2664 ut
765 2600 915 2664 materiai

102 2744 105 2750 ·
189 2727 320 2790 corpora
341 2703 506 2782 conficiat„
521 2704 577 2768 sed
599 2712 729 2769 coetum
753 2704 900 2790 dissupat
921 2704 1002 2783 ollis,

189 2808 264 2873 inde
287 2808 358 2872 aliis
380 2807 469 2872 aliud
492 2807 659 2893 coniungit
671 2832 680 2888 ;
710 2815 744 2872 et
766 2808 835 2874 effit
857 2816 895 2873 ut
917 2830 1029 2874 omnes

188 2935 240 2978 res
262 2912 311 2977 ita
331 2919 522 2977 convertant
544 2912 661 2976 formas
682 2920 877 2998 mutentque
900 2913 1020 2978 colores
1228 2927 1305 2996 1005

188 3022 223 3079 et
245 3013 375 3099 capiant
397 3037 508 3079 sensus
530 3022 565 3079 et
586 3021 708 3100 puncto
731 3022 877 3100 tempore
898 3015 1054 3096 reddant3

189 3125 228 3180 ut
249 3139 360 3181 noscas
381 3117 498 3181 referre
521 3115 634 3180 eadem
657 3115 832 3201 primordia
855 3139 963 3181 rerum

190 3243 265 3286 cum
286 3220 404 3306 quibus
427 3228 460 3285 et
483 3221 571 3305 quali
597 3220 742 3306 positura
763 3221 991 3286 contineantur
1080 3273 1081 3277 ,

190 3332 225 3388 et
247 3345 326 3408 quos
347 3323 434 3387 inter
456 3345 489 3387 se
512 3323 591 3387 dent
614 3331 723 3388 motus
745 3323 980 3410 accipiantque,

190 3449 270 3490 neve
292 3434 389 3512 putes
410 3435 542 3492 aeterna
563 3449 662 3512 penes
684 3427 822 3492 residere
843 3436 970 3514 potesse
1230 3449 1311 3497 1010

102 3661 192 3718 wrote;
209 3657 257 3708 but
276 3657 413 3708 elsewhere
433 3658 495 3722 they
512 3658 594 3708 insert
614 3658 659 3708 the
679 3659 705 3708 1.
804 3660 851 3711 982
865 3660 921 3709 alia
931 3658 989 3710 Ver.
1004 3657 1067 3710 Ven.
1081 3659 1121 3709 for
1132 3661 1178 3711 uli.

136 3743 185 3793 985
197 3742 279 3790 deliro
290 3740 359 3790 Flor.
371 3741 403 3788 31
415 3740 506 3790 Gamb.
518 3739 590 3789 Brix.
603 3740 668 3791 Mar.
682 3740 722 3788 for
734 3741 775 3789 det
785 3743 835 3791 irc.
935 3742 984 3792 998
1000 3742 1093 3804 adepta
1111 3742 1133 3790 B
1152 3756 1217 3794 corr.
1239 3743 1308 3796 Flor.

103 3826 134 3874 31
148 3822 239 3873 camb.
252 3823 292 3871 for
302 3824 428 3885 adempto.
531 3823 595 3871 1000
611 3825 735 3872 absumet
751 3823 913 3886 Lactantius,
934 3825 1036 3874 mirram
1053 3831 1089 3873 eet
1105 3823 1193 3876 (lamb.
1210 3829 1258 3878 etc.
1272 3827 1312 3877 for

103 3908 203 3956 missua
301 3905 364 3953 1001
384 3906 511 3956 rellatum.
541 3906 673 3968 falpeatia
689 3905 810 3956 Lactant.
829 3905 890 3956 inst.
909 3919 948 3954 rrr
963 3907 1003 3954 12.
1102 3907 1166 3955 1002
1182 3923 1246 3958 mora
1262 3925 1309 3970 ree,

103 3996 133 4039 ut
153 3988 219 4037 Mar.
239 3985 297 4037 Ald.
318 3988 332 4034 l
353 3986 426 4036 Junt.
446 3986 486 4035 for
507 4001 571 4035 more
592 3994 622 4035 at
643 4002 692 4036 ree.
790 3987 1016 4050 100400niur19it;
1040 3995 1064 4037 et
1083 3991 1133 4050 cffit
1150 3996 1180 4038 at
1198 3989 1247 4042 Ed.
1272 3991 1313 4040 for

103 4071 236 4131 coaiaapit
247 4077 271 4119 et
282 4071 363 4131 efficit.
388 4070 552 4131 coniunpr‘tur
562 4070 626 4133 etfit
637 4068 718 4119 Lach.
728 4068 785 4118 who
796 4068 845 4118 has
856 4085 872 4120 a
882 4069 931 4118 full
943 4074 1001 4132 stop
1012 4072 1040 4120 at
1051 4072 1116 4142 alltc.
1152 4071 1216 4122 Mar.
1226 4072 1285 4122 Ald.
1298 4075 1311 4122 1

104 4153 179 4202 runt.
190 4151 259 4213 vulg.
270 4149 337 4200 have
347 4156 377 4200 at
391 4150 432 4199 for
446 4153 485 4200 itu
502 4149 530 4207 in
548 4151 627 4200 1005:
645 4165 675 4200 ae
692 4165 728 4200 no
747 4150 830 4200 editor
846 4150 933 4201 before
948 4150 1022 4202 Wak.
1041 4151 1126 4200 would
1144 4152 1251 4202 tolerate
1268 4153 1313 4203 the

105 4231 232 4284 omission
248 4231 278 4281 of
293 4239 332 4281 ut.
431 4231 495 4282 1007
512 4233 598 4281 codem
616 4232 712 4282 Arane.
732 4231 772 4281 for
791 4247 883 4283 aarum.
985 4231 1145 4281 1010-1012
1162 4232 1243 4283 Lech.
1260 4233 1314 4283 and

103 4315 183 4366 Be'm.
194 4312 258 4365 with
268 4312 304 4364 all
314 4312 434 4377 previous
445 4311 542 4364 editors
552 4312 619 4364 have
634 4312 704 4375 quite
720 4312 928 4363 misunderstood
942 4312 996 4362 this
1010 4327 1119 4376 passage
1130 4313 1159 4362 in
1170 4313 1255 4363 which
1266 4319 1313 4364 not

105 4396 208 4448 alatter
219 4395 243 4445 ie
253 4397 282 4446 to
291 4394 324 4446 be
338 4392 471 4458 magd:
486 4393 548 4459 they
565 4395 626 4463 take
646 4397 711 4459 quod
730 4399 758 4445 to
777 4395 808 4447 be
828 4395 873 4445 the
891 4393 1071 4457 conjunction3
1088 4394 1110 4444 it
1128 4395 1151 4444 is
1170 4396 1252 4460 really
1269 4397 1314 4447 the

194 4513 231 4564 11.
1128 4501 1234 4560 ,Q
