2842 4860
656 243 686 305 V

155 396 283 463 difficile
305 407 374 482 est;
402 401 459 465 sed
481 401 561 487 quid
581 401 683 488 possit
705 402 828 489 fiatque
850 426 908 489 per
930 425 1024 469 omne

154 501 189 564 in
211 503 307 567 variis
329 504 459 568 mundis
481 505 570 569 varia
591 505 715 570 ratione
738 506 863 585 creatis,

153 604 187 668 id
209 605 306 671 doceo
328 608 493 694 plurisque
516 631 631 694 sequor
652 608 820 694 disponere
843 631 962 686 causas,

152 709 295 774 motibus
317 718 475 775 astrorum
498 733 581 796 quae
603 711 727 796 possint
750 734 819 776 esse
841 735 899 796 per
921 734 1036 792 omne3
1212 725 1275 792 530

67 848 71 870 ¹.
152 833 170 874 e
193 813 311 896 quibus
333 837 399 878 una
420 823 532 878 tamen
553 815 597 878 sit
619 815 654 878 in
676 814 736 879 hoc
758 838 886 901 quoque
908 838 1005 879 causa
1026 821 1187 879 necessest

152 937 234 999 quae
257 925 374 1002 vegeat
395 926 522 981 motum
544 918 665 1004 signis3
694 917 751 981 sed
774 918 922 1003 quaesit
945 941 1056 982 earum

151 1020 333 1105 praecipere
356 1022 632 1107 hautquaquamst
653 1022 867 1107 pedetemtim
890 1022 1145 1110 progredientis]

194 1125 356 1210 Terraque
378 1134 417 1189 ut
439 1126 474 1188 in
496 1126 603 1189 media
625 1125 739 1190 mundi
761 1127 891 1212 regione
914 1127 1066 1212 quiescat,

151 1248 338 1292 evanescere
361 1229 521 1314 paulatim
544 1236 577 1292 et
599 1228 780 1294 decrescere
803 1229 929 1314 pondus
1210 1243 1269 1311 535

150 1331 308 1409 convenit,
331 1341 429 1419 atque
452 1334 549 1398 aliam
571 1343 722 1398 naturam
745 1342 857 1418 supter
879 1333 997 1397 habere

151 1455 191 1496 ex
212 1433 347 1501 ineunte
370 1461 449 1502 aevo
471 1439 676 1503 coniunctam
698 1446 797 1524 atque
819 1438 929 1502 uniter
950 1445 1061 1524 aptam

149 1539 296 1621 partibus
318 1541 413 1604 aeriis
435 1541 549 1605 mundi
572 1540 690 1627 quibus
712 1541 811 1605 insita
833 1541 922 1605 vivit.

149 1651 319 1728 propterea
340 1669 405 1710 non
428 1654 477 1710 est
500 1646 589 1710 oneri
610 1668 716 1731 neque
740 1645 893 1731 deprimit
916 1668 1032 1726 auras3

149 1753 188 1808 ut
210 1769 269 1811 sua
291 1748 407 1834 cuique
430 1749 555 1813 homini
577 1750 667 1813 nullo
689 1757 766 1812 sunt
789 1749 929 1834 pondere
952 1748 1098 1812 membra
1210 1764 1272 1831 540

148 1872 208 1913 nec
230 1859 328 1935 caput
352 1860 401 1915 est
424 1851 512 1915 oneri
534 1852 615 1915 collo
637 1874 696 1915 nec
718 1851 859 1936 denique
881 1858 989 1915 totum

148 1954 287 2038 corporis
309 1955 344 2018 in
365 1954 503 2039 pedibus
525 1954 651 2039 pondus
674 1954 832 2018 sentimus
854 1953 976 2033 inesse;

148 2064 183 2119 at
206 2079 427 2143 quaecumque
450 2057 525 2125 foris
547 2058 684 2121 veniunt
706 2056 898 2142 inpostaque
920 2057 1012 2122 nobis

147 2160 296 2243 pondera.
311 2169 388 2225 sunt
410 2162 552 2239 laedunt,
575 2162 737 2246 permulto
760 2185 855 2248 saepe
878 2162 1008 2227 minora

147 2287 249 2350 usque
272 2266 351 2330 adeo
374 2267 485 2352 magni
506 2267 604 2330 refert
626 2266 705 2351 quid
728 2288 874 2351 quaeque
897 2266 992 2330 obeat
1015 2289 1072 2332 res.
1207 2281 1266 2348 545
1304 2260 1306 2263 ⁸

147 2366 192 2430 sic
214 2367 316 2452 igitur
338 2368 436 2431 tellus
458 2390 522 2431 non
545 2376 595 2431 est
617 2368 723 2431 aliena
745 2377 878 2453 repente

146 2471 246 2534 allata
267 2479 366 2556 atque
388 2472 475 2535 auris
497 2471 628 2535 aliunde
651 2472 778 2536 obiecta
799 2472 921 2550 alienia,

146 2577 203 2640 sed
225 2576 346 2661 pariter
367 2576 472 2661 prima
494 2584 649 2662 concepta
670 2577 712 2640 ab
735 2576 857 2662 origine
879 2577 994 2641 mundi

146 2690 297 2766 certaque
320 2704 393 2767 pars
416 2681 495 2758 eiua,
517 2681 609 2766 quasi
631 2681 724 2745 nobis
746 2682 892 2745 membra
913 2681 1071 2746 videntur.

145 2792 313 2868 praeterea
333 2784 448 2870 grandi
470 2785 594 2848 tonitru
616 2807 769 2848 concussa
790 2793 933 2870 repente,
1206 2800 1269 2867 550

145 2895 232 2950 terra
253 2909 350 2970 supra
372 2909 454 2971 quae
477 2909 511 2949 se
534 2894 611 2950 sunt
633 2887 778 2950 concutit
800 2887 909 2950 omnia
931 2895 1040 2951 motu:
1131 2959 1133 2963 ,

145 2993 231 3076 quod
253 2993 356 3055 facere
379 2992 461 3055 haut
483 2991 551 3054 ulla
572 2997 680 3075 posset
702 2989 836 3067 ratione,
858 2989 922 3054 nisi
944 2999 1028 3054 esset

145 3097 292 3182 partibus
314 3096 408 3162 aeriis
429 3096 544 3159 mundi
566 3097 717 3180 caeloque
740 3095 892 3159 revincta

60 3238 62 3242 .
144 3223 221 3264 nam
243 3199 467 3264 communibus
489 3200 575 3264 inter
596 3222 630 3264 se
653 3199 814 3264 radicibus
836 3200 971 3264 haerent

145 3326 184 3367 ex
206 3304 341 3368 ineunte
363 3326 442 3383 aevo
464 3303 635 3368 coniuncta
657 3312 755 3389 atque
771 3304 881 3368 uniter
902 3312 987 3389 apta
1205 3320 1264 3388 555

56 3484 131 3534 sunt.
143 3482 184 3532 for
198 3497 298 3532 munem
396 3485 444 3533 531
461 3486 496 3534 cit
510 3485 540 3532 iu
554 3486 597 3532 hee
609 3499 706 3547 quoque
718 3498 796 3533 eausa
806 3483 856 3532 Ed.
869 3483 910 3532 ior
920 3485 954 3532 aie
965 3491 990 3532 et
1002 3483 1061 3532 haee
1073 3497 1168 3545 qaoque
1179 3497 1263 3535 cauea.

56 3569 106 3615 ciet
123 3567 183 3614 iaec
199 3564 291 3616 Laah.:
311 3565 358 3615 but
375 3568 434 3617 haee
450 3567 499 3616 has
513 3582 547 3614 no
559 3568 627 3616 force
639 3567 691 3616 and
704 3567 753 3615 has
764 3580 836 3614 come
847 3566 913 3614 from
924 3565 969 3614 the
980 3564 1168 3627 neighbouring
1180 3581 1265 3616 cauea.

56 3651 105 3698 siet
124 3650 165 3697 hic
183 3649 261 3698 Bern.
376 3651 423 3698 532
440 3657 528 3711 ueqeat
543 3649 595 3698 uir.
608 3650 648 3698 for
658 3652 752 3710 uiqeat.
868 3649 915 3697 533
928 3650 1111 3710 proqredieutis
1122 3649 1214 3699 Lamb.
1226 3650 1267 3700 for

53 3735 253 3796 propredieutea:
274 3740 310 3782 eet
322 3733 362 3781 ior
374 3734 432 3782 lieet
443 3731 466 3781 is
477 3731 683 3781 notLucretian.
782 3732 830 3781 536
846 3738 939 3792 supter.
974 3732 1058 3779 subter
1072 3730 1142 3780 Flor.
1154 3732 1185 3780 31
1198 3733 1263 3785 Mar.

57 3816 132 3877 dunt.
145 3815 277 3878 farsuper.
365 3816 413 3865 tas
429 3819 502 3866 uiuit.
537 3814 708 3865 creuitLach.
741 3816 804 3863 sidit
815 3813 905 3862 Lamb.
918 3812 1076 3862 ed.2and3
1091 3817 1133 3863 ‘ex
1144 3814 1266 3877 antiquae

56 3897 199 3960 scripturae
210 3911 275 3958 quae
286 3897 411 3958 reperitur
421 3896 450 3945 in
461 3896 547 3946 codice
557 3896 656 3947 Bertin.
666 3894 802 3957 vestigiis,
810 3894 862 3944 and
873 3893 966 3943 Heins.
978 3896 1053 3943 notes
1065 3893 1124 3944 thet
1134 3911 1154 3957 a,
1168 3895 1213 3944 i.e.
1222 3895 1268 3946 the

55 3996 107 4030 ms.
127 3980 156 4028 ol
173 3979 284 4037 Modius‚
303 3979 352 4028 has
370 3981 442 4040 sidit,
460 3980 548 4028 unless
568 3978 708 4028 Imistaka
725 3978 768 4027 his
784 3977 921 4039 meaning:
940 3976 988 4026 but
1006 3976 1110 4026 Medius
1127 3977 1203 4027 made
1222 3977 1265 4028 his

55 4063 180 4113 collation
192 4062 255 4112 with
271 4063 316 4112 the
332 4064 408 4112 small
426 4064 477 4112 2nd
494 4063 534 4112 ad.
547 4063 575 4111 ol
588 4062 678 4112 Lamb.
691 4077 719 4111 so
735 4061 794 4111 that
809 4061 831 4110 it
846 4060 869 4110 is
880 4060 1004 4123 probably
1014 4075 1030 4109 a
1040 4075 1109 4110 mera
1121 4061 1250 4124 orersight
1258 4081 1266 4124 ;

55 4147 96 4195 lor
113 4146 135 4194 B
155 4143 204 4194 has
222 4147 297 4194 uiuit.
429 4146 476 4194 545
494 4146 556 4208 quid
575 4160 687 4208 quaeque
707 4146 779 4194 obeat
796 4159 835 4192 ree
854 4142 904 4191 Ed.
924 4143 965 4191 ior
983 4145 1039 4205 quit
1057 4158 1153 4206 queque
1171 4151 1266 4206 quaeat

54 4243 107 4277 ree:
128 4226 207 4277 Lech.
220 4231 248 4276 5ο
260 4215 329 4275 1222
344 4227 415 4290 gives
425 4242 498 4277 more
509 4227 574 4276 than
586 4229 618 4276 40
629 4227 761 4277 instances
772 4227 801 4275 in
813 4225 897 4275 which
908 4226 952 4274 AB
967 4224 1066 4287 change
1078 4227 1091 4274 b
1103 4229 1130 4275 5ο
1141 4240 1169 4275 u:
1189 4225 1265 4274 when

53 4312 127 4358 obeat
144 4309 246 4358 became
262 4316 343 4369 oraeat,
362 4308 407 4357 the
424 4308 525 4358 further
540 4307 690 4370 corruption
707 4311 734 4356 50
750 4315 825 4370 queat
842 4321 894 4355 was
910 4305 1049 4355 inevitable
1065 4304 1128 4354 with
1145 4304 1262 4367 capitas.

53 4393 130 4444 aveat
141 4389 222 4440 Laoh.
254 4392 329 4440 uehat
342 4389 488 4440 Gronovius
499 4389 551 4438 and
562 4390 598 4439 Is.
610 4389 686 4439 Voss.
698 4388 726 4437 in
738 4390 822 4437 notes.
856 4395 926 4447 aeret
937 4387 968 4439 N.
976 4387 1005 4436 P.
1017 4386 1138 4438 Howard.
