2842 4860
101 255 165 319 282
681 251 732 317 VI

188 424 222 482 et
244 417 393 482 rarefecit
415 415 518 482 calido
540 415 696 503 gliscente
719 436 846 501 vapore,

187 544 296 585 rursus
318 521 353 585 in
376 521 527 606 antiquas
549 519 686 584 redeunt
708 518 883 605 primordia
905 517 996 582 sedes

187 624 273 711 ignis
295 632 329 689 et
351 625 386 688 in
408 632 528 689 terram
550 623 637 688 cedit
659 624 745 688 calor
766 623 870 687 omnis
891 623 996 708 aquai

187 728 322 815 frigidus
344 728 427 793 hanc
450 729 491 792 ob
513 750 581 792 rem
603 728 642 791 fit
664 728 734 790 fons
756 725 791 790 in
813 727 884 791 luce
907 726 1029 790 diurna

187 840 356 918 praeterea
377 831 452 895 solis
474 830 571 894 radiis
593 831 734 894 iactatur
755 830 853 914 aquai

187 958 280 1001 umor
301 944 335 999 et
357 934 392 999 in
413 935 519 999 lucem
542 933 681 997 tremulo
704 932 836 997 rarescit
858 933 900 997 ab
923 940 1029 1013 aestu3
1256 938 1312 1016 875

188 1046 359 1125 propterea
380 1038 418 1101 fit
441 1037 492 1101 uti
514 1060 597 1122 quae
620 1037 744 1101 semina
766 1059 904 1122 eumque
927 1037 1026 1101 habet
1049 1036 1137 1123 ignis

188 1143 349 1222 dimittat;
377 1141 470 1227 quasi
492 1163 587 1226 saepe
609 1141 728 1227 gelum,
751 1140 837 1226 quod
859 1141 1004 1206 eontinet
1026 1141 1061 1206 in
1083 1165 1129 1220 se,

188 1246 293 1310 mittit
315 1254 349 1310 et
372 1245 493 1309 exolvit
514 1245 651 1332 glaciem
672 1245 836 1331 nodosque
859 1246 991 1311 relaxat.

232 1349 385 1437 Frigidus
408 1357 457 1414 est
480 1350 580 1413 etiam
603 1350 680 1426 fons,
703 1372 801 1435 supra
823 1372 920 1435 quem
943 1350 1007 1415 sita
1028 1373 1125 1436 saepe

188 1462 308 1539 stuppa
329 1454 406 1518 iacit
430 1454 594 1517 flammam
617 1460 770 1538 concepto
792 1453 940 1539 protinus
961 1453 1039 1540 igni,
1193 1479 1215 1512 ο
1255 1456 1314 1520 880

189 1558 349 1644 taedaque
371 1557 530 1623 consimili
552 1557 676 1622 ratione
699 1580 833 1622 accensa
854 1580 912 1643 per
933 1559 1036 1624 undas

189 1664 344 1740 conlucet,
367 1685 570 1748 quocumque
592 1670 709 1727 natans
731 1662 912 1747 impellitur
932 1663 1027 1728 auris.

188 1766 343 1831 nimirum
366 1767 443 1852 quia
464 1773 542 1830 sunt
564 1766 599 1830 in
620 1788 706 1851 aqua
727 1767 891 1851 permulta
911 1767 1037 1852 vaporis

189 1869 313 1934 semina
335 1869 376 1933 de
399 1878 549 1954 terraque
572 1877 732 1933 necessest
754 1868 902 1933 funditus
924 1869 994 1956 ipsa

189 1973 273 2060 ignis
296 1995 427 2058 corpora
448 1995 507 2057 per
528 1979 635 2036 toturn
658 1994 848 2058 consurgere
870 1974 992 2037 fontem

190 2086 223 2141 et
246 2077 343 2141 simul
365 2076 526 2161 exspirare
549 2076 631 2140 foras
654 2075 805 2162 exireque
827 2076 862 2141 in
884 2099 986 2154 auras,

189 2203 254 2245 non
276 2181 324 2244 ita
345 2180 451 2244 multa
472 2188 591 2257 tamen,
614 2179 737 2245 calidus
759 2188 858 2266 queat
880 2188 919 2244 ut
941 2181 1011 2245 fieri
1033 2181 1112 2259 fons,

189 2291 359 2370 propterea
380 2282 523 2367 dispersa
545 2282 628 2346 foras
650 2304 818 2367 erumpere
841 2282 928 2369 cogit

189 2387 238 2451 vis
259 2409 318 2472 per
338 2408 456 2471 aquam
478 2385 587 2449 subito
609 2407 800 2471 sursumque
821 2409 861 2450 ea
881 2387 1050 2454 conciliari

190 2490 276 2576 quod
297 2512 400 2575 genus
423 2489 505 2553 endo
527 2488 640 2552 marist
662 2489 764 2552 Aradi
786 2490 864 2566 fons,
887 2489 989 2555 dulcis
1011 2491 1108 2576 aquai
1254 2499 1316 2578 890

191 2594 247 2679 qui
269 2593 365 2657 scatit
388 2599 422 2656 et
444 2592 542 2656 salsas
565 2592 685 2656 circum
708 2615 741 2656 se
765 2592 908 2657 dimovet
930 2594 1052 2675 undas;

190 2706 224 2760 et
247 2696 359 2760 multis
381 2696 453 2759 aliis
475 2696 609 2780 praebet
631 2695 815 2782 regionibus
838 2719 957 2783 aequor

190 2801 370 2866 utilitatem
393 2806 607 2884 opportunam
630 2798 809 2863 sitientibu’
833 2800 950 2878 nautis,

191 2903 276 2990 quod
298 2902 401 2967 dulcis
423 2902 509 2966 inter
530 2903 628 2966 salsas
650 2901 838 2967 intervomit
860 2904 970 2969 undas.

191 3007 235 3070 sie
258 3006 360 3093 igitur
381 3029 439 3091 per
461 3028 536 3069 eum
558 3013 693 3091 possunt
716 3028 884 3092 erumpere
907 3008 1029 3072 fontem
1254 3016 1313 3099 895

190 3122 224 3179 et
247 3120 368 3177 scatere
390 3111 448 3175 illa
469 3112 559 3188 forae,
582 3111 618 3174 in
639 3117 792 3196 stuppam
814 3111 938 3176 semina
959 3135 1042 3198 quae
1064 3138 1140 3179 cum

103 3247 170 3297 after
183 3245 252 3296 Bede
267 3245 308 3294 for
323 3248 421 3294 laticis:
438 3244 528 3296 Lamb.
544 3247 588 3294 too
599 3243 699 3294 notices
710 3244 731 3294 it
742 3244 771 3293 in
783 3248 866 3297 notes.
901 3262 1014 3309 saporem
1028 3248 1117 3300 Lamb.
1131 3250 1171 3300 101
1185 3268 1316 3317 vaporem:

103 3344 120 3379 1
134 3343 270 3390 necessary
280 3326 388 3390 change,
402 3326 503 3389 though
517 3327 587 3377 Bede
602 3328 657 3377 also
672 3327 720 3378 has
736 3344 860 3391 vaporem.
992 3332 1040 3382 870
1056 3335 1177 3393 gliscente
1188 3336 1264 3390 Wslr.
1278 3339 1317 3389 101

103 3415 228 3468 1111011111,
243 3411 386 3472 ‘eleganter
398 3414 423 3460 et
435 3413 506 3461 vere’
519 3426 578 3474 says
589 3409 668 3462 Laoh.
680 3434 682 3439 ·
770 3412 818 3462 877
835 3413 959 3461 Dimittat
971 3412 1060 3462 (lamb.
1073 3415 1113 3464 101
1123 3417 1261 3468 Dimittat.

137 3496 185 3546 878
198 3494 323 3556 nodosque
333 3493 392 3542 Vat.
403 3494 467 3545 3276
480 3493 551 3542 Mon.
566 3494 621 3554 (not
632 3492 701 3543 Flor.
713 3491 755 3558 31)
767 3493 843 3542 Pont.
855 3492 912 3544 Ald.
929 3495 943 3541 1
956 3494 1089 3545 Candidus
1101 3500 1128 3547 11
1139 3500 1192 3550 end
1203 3501 1233 3550 of
1241 3502 1313 3554 suni

103 3577 144 3627 for
154 3578 283 3639 aciesque.
316 3591 440 3638 novosque
452 3575 475 3623 A
486 3590 551 3625 corr.
584 3591 708 3638 venasque
720 3576 788 3626 Flor.
804 3576 935 3628 81011111).
950 3579 965 3626 3
977 3577 1037 3629 Vat.
1052 3579 1115 3631 Mar.
1130 3581 1205 3633 Junt.

136 3659 185 3709 879
201 3657 323 3718 Frigidus
334 3656 404 3705 Flor.
414 3657 445 3705 31
458 3656 546 3706 Gamb.
560 3656 629 3707 Mon.
641 3657 699 3706 Ver.
711 3657 774 3708 Van.
788 3658 828 3706 101
835 3658 929 3720 frigas.
1006 3662 1054 3711 887
1066 3662 1125 3710 Noa
1135 3664 1176 3712 ita
1186 3667 1269 3716 malta
1280 3667 1315 3719 Is.

104 3741 178 3791 Voss.
192 3740 220 3788 in
231 3753 280 3789 ms.
294 3742 369 3788 notes
381 3739 421 3788 101
432 3741 489 3788 Noa
500 3742 540 3789 ita
550 3742 645 3789 muita:
663 3739 763 3802 though
779 3741 888 3792 Havete.
903 3741 976 3790 knew
988 3742 1017 3791 of
1029 3742 1091 3804 this,
1105 3744 1211 3795 neither
1225 3747 1259 3798 he
1270 3765 1319 3800 1101

103 3837 156 3884 any
164 3821 248 3871 editor
256 3821 343 3870 before
352 3820 433 3870 Laoh.
444 3820 555 3883 adopted
563 3821 593 3870 it.
627 3823 685 3870 Noa
694 3824 809 3871 tamaita
820 3821 891 3872 Nico.
926 3825 983 3873 Nori
995 3831 1046 3872 tam
1058 3827 1137 3874 multa
1149 3827 1228 3879 Pont.
1261 3833 1319 3882 Noa

104 3912 156 3953 tam
166 3905 227 3952 viva
238 3901 307 3962 vulg.
407 3903 455 3950 888
467 3903 604 3964 Propterea
615 3902 695 3952 Lech.
710 3902 750 3950 101
761 3904 906 3953 Praeterea.
1004 3906 1054 3956 890
1064 3908 1155 3956 marist
1166 3909 1252 3960 Aradi
1259 3915 1318 3975 som

103 3987 180 4035 Bern
194 3982 274 4032 Lech.
287 3982 327 4031 for
341 3984 419 4031 rearis
431 3989 512 4044 parat
524 3984 596 4046 foris:
614 3997 630 4032 a
644 3982 742 4032 certain
757 3984 908 4043 correction,
921 3999 949 4034 as
965 3986 988 4033 A
1003 3987 1055 4036 and
1069 3988 1091 4035 B
1103 3986 1169 4038 hsve
1184 3991 1250 4041 esch
1265 3993 1320 4044 this

103 4066 214 4128 heading
227 4065 270 4114 ‘de
286 4066 358 4115 fonte
373 4065 445 4115 aradi
460 4064 488 4114 in
503 4065 595 4115 mare’.
628 4068 694 4115 mari
709 4069 806 4116 Arantia
818 4069 878 4131 sons
893 4068 928 4117 Is.
941 4068 1015 4121 Voss.
1029 4069 1058 4118 in
1069 4085 1118 4122 ms.
1131 4057 1217 4124 notes.
1253 4079 1319 4126 mari

103 4152 187 4213 spirat
197 4150 258 4211 sons
269 4147 338 4195 Flor.
351 4147 382 4196 31
395 4146 485 4197 Osmb.
498 4147 562 4199 Mar.
578 4152 627 4198 etc.
726 4151 775 4201 889
786 4152 920 4200 conciliari
931 4151 1022 4201 Lamb.
1035 4154 1075 4202 tor
1086 4157 1234 4207 conciliare.

137 4231 185 4281 892
195 4230 299 4292 praebet
310 4227 379 4276 Flor.
392 4229 423 4276 31
436 4228 525 4278 Camb.
538 4230 601 4278 Mar.
614 4230 688 4280 aunt.
698 4230 738 4279 101
749 4239 858 4296 praeter.
943 4234 992 4283 894
1004 4236 1086 4283 aalma
1097 4235 1168 4286 Flor.
1181 4240 1213 4287 31
1227 4241 1316 4293 (lamb.

103 4313 160 4362 Ver.
175 4311 240 4361 Ven.
251 4310 291 4359 101
303 4313 391 4361 dulcit.
523 4313 571 4364 896
583 4329 646 4376 qaae
658 4314 722 4365 Vcn.
738 4314 794 4379 (que
805 4330 867 4366 mss.
882 4314 953 4365 Brix.
966 4315 1036 4378 Ver.)
1047 4317 1143 4380 rightly
1155 4321 1275 4373 retained
1287 4325 1320 4387 by

104 4401 135 4448 N.
149 4399 178 4448 P.
190 4396 301 4447 Howard
311 4395 369 4445 who
381 4399 492 4446 correcte
503 4397 547 4446 old
557 4397 737 4460 punctuation.
772 4414 820 4462 quo
832 4399 923 4449 Iramb.
935 4400 1011 4463 vulgo
1022 4400 1102 4450 Lech.
