2842 4860
691 261 742 325 Iv

198 425 351 514 effugere,
373 444 512 489 errorem
534 422 702 508 vitareque
724 429 998 508 praemetuenter,

198 531 323 596 lumina
343 552 385 594 ne
408 528 505 593 facias
527 527 692 592 oculorum
715 528 801 614 clara
823 535 939 608 creata,

112 637 173 716 825
198 633 379 720 prospicere
402 638 441 696 ut
462 653 637 717 possemne,
654 638 694 699 ¹et
716 638 756 695 ut
777 631 918 716 proferre
941 654 1096 718 queamus

197 760 343 824 proceros
365 758 487 823 passus,
508 735 582 800 ideo
605 735 735 821 fastigia
756 757 849 820 posse

198 863 345 906 surarum
367 863 405 905 ac
427 839 586 904 feminum
607 837 746 923 pedibus
768 836 906 902 fimdata
926 837 1047 924 plicari,

195 944 346 1010 bracchia
367 951 439 1008 tum
461 965 555 1029 porro
576 942 692 1007 validis
714 965 754 1007 ex
776 950 855 1028 apta
876 942 1003 1007 lacertis

198 1071 266 1114 esse
289 1069 469 1133 manusque
492 1047 585 1111 datas
606 1053 745 1132 utraque
768 1069 805 1111 00
826 1053 919 1131 parte
942 1046 1116 1125 ministras,

196 1159 236 1216 ut
258 1152 361 1216 facere
384 1150 426 1214 ad
447 1149 550 1214 vitam
572 1170 738 1234 possemus
760 1171 843 1234 quae
866 1150 949 1214 foret
970 1172 1056 1215 usus.

196 1263 304 1320 cetera
324 1254 365 1319 de
387 1275 504 1340 genere
527 1252 587 1317 hec
608 1252 695 1317 inter
716 1275 938 1339 quaecumque
961 1260 1140 1338 pretantur,

196 1358 305 1423 omnia
326 1380 475 1444 perversa
496 1364 703 1443 praepostera
723 1364 801 1421 sunt
822 1357 956 1436 ratione,

196 1462 243 1527 nil
265 1462 337 1527 ideo
360 1461 512 1548 quoniam
534 1468 682 1526 natumst
703 1460 738 1525 in
761 1483 890 1547 corpore
912 1470 952 1526 ut
973 1461 1025 1526 uti

195 1588 369 1652 possemus,
391 1566 448 1631 sed
469 1565 556 1652 quod
577 1572 725 1629 natumst
746 1564 781 1630 id
802 1573 948 1650 procreat
969 1589 1074 1645 usum,

195 1693 255 1736 nec
277 1670 341 1736 fuit
362 1679 439 1735 ante
462 1669 571 1735 videre
594 1670 759 1734 oculorum
781 1670 907 1735 lumina
928 1679 1007 1755 nata

169 1853 171 1856 ι
195 1796 255 1840 nec
277 1773 373 1839 dictis
395 1796 485 1838 orare
507 1773 597 1859 prius
619 1796 717 1860 quam
740 1773 853 1862 lingua
875 1781 1023 1853 creatast,

195 1880 252 1945 sed
273 1879 382 1965 potius
403 1880 498 1966 longe
520 1879 652 1966 linguae
674 1879 848 1964 praecessit
870 1879 958 1966 origo

196 2006 376 2049 sermonem
398 1983 567 2069 multoque
590 1990 717 2048 creatae
740 1992 817 2048 sunt
839 1984 929 2069 prius
951 2006 1045 2050 aures

195 2112 292 2176 quam
315 2111 412 2154 sonus
434 2096 484 2152 est
506 2087 646 2166 auditus,
669 2096 704 2152 et
726 2088 835 2152 omnia
856 2086 997 2175 denique
1019 2089 1167 2156 membra

195 2202 271 2258 ante
293 2193 392 2270 fuere,
414 2199 453 2256 ut
475 2190 595 2276 opinor,
618 2214 729 2256 eorum
752 2214 850 2277 quam
873 2192 955 2256 foret
976 2215 1074 2274 usus;

193 2298 282 2363 haud
303 2297 406 2385 igitur
426 2303 560 2382 potuere
583 2294 698 2359 utendi
720 2316 859 2360 crescere
882 2318 986 2363 causa.

194 2409 229 2466 at
251 2409 364 2466 contra
385 2401 527 2465 consone
549 2422 649 2463 manu
672 2398 849 2464 certamina
870 2422 999 2488 pugnae

194 2513 228 2570 et
249 2505 388 2570 lacerare
411 2511 501 2567 artus
523 2503 714 2588 foedareque
736 2503 883 2568 membra
903 2526 1014 2570 cruore

193 2617 270 2673 ante
293 2607 356 2672 fuit
377 2606 482 2670 multo
504 2629 602 2692 quam
625 2604 733 2670 lucida
754 2606 821 2671 tela
842 2607 998 2687 volarent,

193 2721 228 2778 et
250 2712 363 2777 volnus
385 2711 488 2775 vitare
510 2709 600 2795 prius
622 2717 740 2775 natura
761 2711 868 2798 coegit

193 2839 291 2902 quam
313 2815 406 2881 daret
427 2813 591 2904 obiectum
613 2813 737 2899 parmai
759 2814 851 2879 laeva
872 2837 930 2900 per
951 2823 1063 2884 artem.
1110 2813 1114 2821 ’

193 2921 315 2986 scilicet
337 2928 372 2985 et
394 2921 513 2984 fessum
536 2941 650 3004 corpus
672 2918 825 2985 mandare
849 2921 952 3006 quieti

193 3027 298 3090 multo
320 3024 486 3111 antiquius
509 3030 559 3088 est
582 3045 679 3110 quam
702 3023 779 3088 lecti
801 3024 912 3089 mollia
934 3032 1045 3104 strata,

193 3138 228 3196 et
250 3130 360 3195 sedare
383 3129 472 3194 sitim
494 3128 585 3214 prius
608 3135 657 3192 est
679 3151 777 3214 quam
800 3130 916 3214 pocula
937 3138 1061 3198 natum.
1250 3135 1316 3217 850

190 3235 271 3300 haec
291 3233 394 3321 igitur
416 3240 551 3318 possunt
572 3231 688 3296 utendi
710 3232 840 3320 cognita
862 3256 959 3298 causa

105 3427 176 3492 (826)
186 3427 298 3489 brought
310 3425 372 3474 here
382 3425 416 3487 by
427 3425 449 3473 B
461 3439 526 3474 corr.
540 3424 605 3475 Mar.
618 3423 677 3473 Ald.
690 3425 704 3472 1
716 3424 791 3474 Junt.
932 3428 980 3476 823
997 3429 1091 3477 avocata
1107 3426 1158 3477 nd.
1170 3427 1315 3481 1011000001

104 3525 131 3574 p.
142 3511 188 3562 171
199 3509 279 3559 011110
288 3507 432 3571 archetype,
443 3508 488 3557 the
495 3506 679 3557 terminatione
686 3508 715 3556 01
722 3507 767 3557 the
775 3507 842 3556 lines
852 3507 979 3557 therefore
987 3508 1064 3571 being
1070 3510 1181 3559 towards
1190 3509 1235 3560 the
1241 3513 1316 3561 outer

104 3592 215 3656 margin,
228 3591 310 3642 ended
318 3591 382 3640 with
393 3593 457 3643 827:
475 3590 509 3653 by
521 3605 592 3640 some
605 3590 703 3640 chance
716 3590 779 3640 then
793 3607 805 3639 0
822 3591 867 3640 the
877 3592 929 3640 last
941 3593 1017 3641 letter
1029 3593 1055 3642 01
1071 3593 1124 3643 thia
1134 3593 1196 3652 lina,
1208 3592 1260 3642 and
1270 3593 1316 3644 1110

105 3674 179 3725 three
196 3675 370 3734 1001000001
387 3674 435 3723 826
451 3688 516 3722 were
533 3673 600 3735 lost;
617 3675 699 3722 000101
716 3688 769 3722 nas
786 3672 850 3723 then
866 3673 983 3736 changed
1000 3678 1027 3724 10
1041 3677 1129 3733 imeae,
1141 3691 1206 3738 qaeu
1218 3678 1246 3725 10
1262 3678 1315 3727 010.

104 3759 197 3806 uittam
207 3763 330 3806 00000101
340 3757 408 3805 rebu’
420 3763 538 3804 1000000001
549 3754 643 3806 Lech:
662 3769 678 3804 0
688 3754 787 3804 violent
799 3755 946 3806 alteration.
979 3758 1059 3806 100010
1071 3756 1136 3806 Μο1.
1145 3757 1204 3807 Ald.
1215 3758 1229 3806 1
1241 3758 1314 3810 June.

105 3840 219 3889 Gronov.
254 3855 353 3889 avemus
370 3841 404 3888 Te
418 3841 524 3902 effugere
539 3839 617 3887 Bern.
716 3839 765 3887 824
782 3854 887 3888 errorem
901 3841 1032 3901 vitareque
1049 3839 1071 3887 B
1088 3839 1261 3891 cornhvanc.
1275 3841 1315 3890 101

104 3937 185 3972 errore
202 3925 364 3985 multareque.
399 3938 480 3971 errore
496 3923 588 3971 multos
606 3938 652 3985 que
666 3924 865 3984 premedtteutur
880 3921 951 3971 Flor.
963 3922 995 3970 31
1013 3921 1103 3971 (lamb.
1120 3935 1170 3970 one
1185 3921 1243 3973 Vat.
1260 3938 1314 3972 cor·

103 4005 192 4068 ruprly
203 4004 243 4054 for
254 4020 275 4055 e.
286 4020 310 4053 0.
318 4011 519 4067 praemetucater
532 4006 748 4066 (proenwtucotur
758 4002 804 4068 Al:
822 4002 876 4052 this
887 4002 935 4051 has
946 4001 989 4051 led
1001 4004 1028 4052 to
1039 4002 1140 4052 further
1151 4002 1315 4065 corruptione

103 4087 139 4149 by
149 4086 214 4136 Mar.
224 4086 297 4137 Junt.
312 4085 404 4135 Lamb.
416 4088 465 4135 etc.
589 4085 637 4135 826
650 4100 777 4148 potuemus
793 4083 873 4136 Laoh.
888 4084 928 4133 for
940 4087 1115 4147 1100010100,οε
1132 4085 1178 4134 the
1194 4100 1272 4148 usage
1288 4086 1317 4135 01

103 4169 180 4218 Lacr.
192 4166 313 4230 requires.
347 4182 465 4230 00000000
482 4166 562 4216 Lech.
581 4167 621 4215 101
636 4169 696 4216 ota:
715 4180 757 4216 see
773 4165 854 4216 above
871 4170 898 4216 to
915 4153 978 4216 823:
996 4166 1042 4216 the
1058 4166 1127 4229 vulg.
1143 4169 1198 4216 ciat
1214 4167 1315 4218 harno

104 4265 187 4302 aenae.
305 4251 354 4301 827
366 4251 487 4313 fastigia.
522 4249 733 4312 suffragiaPont.
855 4249 904 4297 880
921 4264 952 4298 00
963 4247 1046 4298 added
1061 4248 1095 4312 by
1106 4248 1187 4298 Lech.
1221 4249 1314 4300 oMar.

104 4332 163 4384 ald.
178 4333 276 4384 lJunt.
291 4333 361 4394 vulg.
493 4332 541 4381 836
558 4339 629 4383 0010.
662 4340 751 4381 notum
766 4330 847 4383 Laoh.
862 4345 891 4381 as
906 4331 936 4380 in
951 4333 1015 4382 850:
1032 4331 1080 4381 but
1096 4345 1125 4381 as
1140 4339 1204 4381 octo
1214 4331 1284 4394 gives
1297 4347 1313 4383 a

102 4414 171 4481 good
182 4430 265 4479 senae,
279 4415 370 4465 Ihave
381 4413 498 4464 retained
507 4413 542 4463 it:
561 4414 582 4463 it
594 4428 678 4462 seems
690 4418 717 4463 to
729 4429 770 4463 me
782 4428 853 4463 more
865 4415 967 4476 elegant
977 4413 1042 4463 than
1053 4413 1098 4463 the
1110 4411 1193 4463 other.
