2842 4860
657 229 694 292 ΙΙ

154 388 337 474 conspicere
359 389 514 454 amissum
537 390 649 466 fetum,
673 387 879 474 completque
902 389 1054 474 querellis

155 494 366 558 frondiferum
388 516 503 558 nemus
525 493 685 558 absistens
707 500 741 558 et
763 493 876 558 crebra
897 492 1010 558 revisit

156 596 197 661 ad
220 597 386 662 stabulum
409 596 566 660 desiderio
588 596 713 681 perfixa
736 596 872 674 iuvenci,

155 725 215 766 neo
236 711 367 767 tenerae
389 701 502 766 salices
524 709 623 786 atque
647 701 766 766 herbae
788 723 859 766 rore
882 701 1031 786 vigentes

156 806 356 891 fluminaque
379 805 436 870 illa
457 813 583 890 queunt
606 803 741 868 summis
764 804 910 869 labentia
931 804 1011 890 ripis

157 910 319 975 oblectare
341 909 487 972 animum
512 908 719 993 subitamque
742 916 887 973 avertere
909 931 1029 988 euram,

157 1036 217 1076 nec
239 1012 415 1076 vitulorum
438 1013 521 1076 aliae
544 1012 666 1096 species
688 1036 747 1098 per
768 1013 890 1098 pabula
911 1013 999 1077 laeta

157 1115 302 1180 derivare
325 1123 450 1200 queunt
472 1115 619 1179 animum
642 1138 782 1200 curaque
804 1117 930 1180 levare:

157 1239 260 1302 usque
282 1218 363 1282 adeo
386 1217 541 1302 quiddam
562 1218 730 1303 proprium
752 1226 931 1304 notumque
954 1219 1098 1305 requirit.

157 1328 325 1404 praeterea
346 1320 452 1385 teneri
473 1320 622 1385 tremulis
644 1344 718 1384 cum
741 1321 873 1385 vocibus
895 1322 992 1386 haedi

158 1424 339 1510 cornigeras
361 1433 481 1488 norunt
503 1433 623 1489 matres
646 1426 786 1512 agnique
811 1426 935 1511 petulci

158 1529 328 1593 balantum
350 1530 511 1613 pecudes:
537 1529 594 1605 ita,
617 1529 703 1614 quod
725 1537 844 1594 natura
864 1529 1013 1614 reposcit,

158 1633 199 1696 ad
221 1655 280 1695 sua
302 1632 439 1718 quisque
461 1633 528 1697 fere
551 1633 726 1696 decurrunt
748 1632 849 1697 ubera
870 1633 974 1698 laetis.

158 1745 321 1823 postremo
344 1737 480 1822 quodvis
501 1738 702 1801 frumentum
724 1746 924 1802 nontamen
946 1760 1041 1802 omne

159 1839 280 1925 quique
303 1863 360 1903 suo
382 1849 501 1926 genere
523 1840 609 1904 inter
631 1863 665 1903 se
687 1839 792 1903 simile
816 1862 884 1904 esse
906 1840 1039 1918 videbis,

160 1946 239 2030 quin
260 1944 455 2009 intercurrat
477 1945 637 2030 quaedam
660 1944 817 2008 distantia
838 1946 956 2010 formis.

160 2048 418 2132 concharumque
440 2070 544 2133 genus
565 2047 662 2132 parili
683 2047 809 2111 ratione
831 2047 979 2111 videmus

159 2151 292 2236 pingere
316 2151 441 2214 telluris
462 2150 633 2236 gremium,
655 2174 720 2235 qua
741 2150 893 2215 mollibus
914 2150 1011 2214 undis

159 2256 262 2319 litoris
285 2254 410 2318 incurvi
432 2255 578 2318 bibulam
602 2255 694 2339 pavit
717 2276 837 2339 aequor
858 2254 1021 2340 harenam.

161 2383 259 2445 quare
283 2361 382 2424 etiam
406 2368 505 2444 atque
528 2360 628 2423 etiam
651 2358 750 2422 simili
772 2359 898 2423 ratione
919 2368 1089 2436 necessest,

159 2471 277 2527 natura
299 2463 452 2548 quoniam
475 2472 624 2527 constant
646 2486 752 2548 neque
774 2464 861 2527 facta
882 2486 981 2528 manu
1004 2472 1082 2528 sunt

159 2566 257 2630 unius
279 2566 320 2630 ad
344 2574 464 2629 certam
487 2566 623 2630 formam
645 2565 822 2651 primordia
844 2589 960 2644 rerum,

161 2669 310 2733 dissimili
332 2669 417 2732 inter
439 2691 473 2733 se
496 2669 655 2754 quaedam
678 2670 814 2733 volitare
837 2669 950 2756 figura.

204 2772 358 2836 Perfacile
381 2781 430 2836 est
452 2772 513 2836 tali
534 2772 659 2836 ratione
682 2773 846 2838 exsolvere
868 2773 961 2839 nobis

161 2897 259 2960 quare
281 2875 457 2940 fulmineus
480 2877 585 2939 multo
606 2876 803 2961 penetralior
827 2877 913 2963 ignis

161 3004 256 3066 quam
281 2990 391 3045 noster
412 2982 483 3044 fuat
507 3004 524 3046 e
547 2981 651 3045 taedis
673 2981 881 3047 terrestribus
903 2989 1012 3062 ortus3

161 3084 267 3147 dicere
290 3083 377 3148 enim
399 3083 501 3169 possis
523 3084 696 3149 caelestem
718 3084 864 3149 fulminis
887 3084 996 3170 ignem
1262 3156 1264 3158 v

161 3187 316 3271 suptilem
338 3186 442 3272 magis
465 3209 483 3250 e
505 3187 613 3271 parvis
636 3195 781 3251 constare
803 3187 915 3272 figuris
1221 3194 1282 3272 385

73 3438 163 3488 rather
180 3453 239 3487 uses
256 3455 337 3490 nosco.
437 3441 485 3490 359
502 3441 625 3488 obsistens
636 3438 686 3490 Ed.
700 3439 883 3488 foradsittens.
917 3440 1047 3489 adsidetis
1063 3439 1143 3490 Lech.
1160 3441 1245 3492 which
1261 3442 1286 3494 is

74 3535 137 3582 very
148 3521 228 3569 vveak.
261 3521 495 3572 adstatcchorr.
509 3521 579 3571 Nice.
594 3523 663 3583 vulg.
761 3524 809 3573 361
826 3525 947 3584 vigentes.
980 3525 1087 3573 virentes
1104 3525 1216 3574 Macrob.
1234 3529 1283 3576 sat.

74 3617 102 3650 vr
114 3604 138 3650 2.
238 3603 286 3652 362
297 3605 346 3650 illo
357 3603 401 3649 AB
415 3603 486 3651 Gott.
495 3605 551 3652 alto
563 3604 675 3654 Macrob.
687 3604 726 3653 l.l.
740 3604 776 3651 ‘B
788 3606 863 3653 oorr.’
876 3618 935 3666 says
946 3604 1026 3654 Lach
1059 3605 1158 3655 Acorr.
1170 3621 1198 3655 as
1209 3607 1223 3654 I
1233 3607 1286 3656 and

74 3683 168 3732 Heins.
179 3682 244 3732 have
255 3682 342 3742 noted,
356 3683 443 3732 (lamb.
456 3684 540 3745 vulgo.
642 3685 690 3733 363
701 3686 811 3733 subitam
819 3685 836 3737 I
846 3699 904 3733 now
915 3685 990 3746 keep:
1008 3699 1049 3734 see
1060 3690 1135 3735 notes
1147 3688 1169 3738 2.
1204 3703 1286 3751 sump-

76 3775 129 3816 tam
145 3766 194 3815 Ed
207 3765 236 3813 in
251 3767 292 3814 lst
309 3765 349 3814 ed.
383 3768 483 3814 solitam
499 3765 592 3824 Lach.;
608 3765 657 3814 but
674 3765 718 3815 the
735 3781 792 3815 care
808 3766 870 3815 here
886 3766 909 3815 is
926 3766 996 3828 quite
1013 3769 1124 3818 insolito.
1237 3770 1285 3820 365

76 3864 195 3911 caroque.
229 3848 470 3911 coramqueAcorr.
485 3849 554 3899 Nico.
641 3850 688 3898 369
699 3849 954 3899 BalantumAGott.
966 3849 1036 3898 Nico.
1048 3854 1096 3899 eto.
1130 3853 1285 3902 BalatumB

75 3933 145 3981 Flor.
159 3933 190 3980 31
203 3931 289 3981 Oamb.
302 3935 350 3983 etc.
479 3933 526 3982 371
544 3947 593 3980 rma
611 3939 694 3980 tamea
710 3947 786 3981 omae.
821 3947 872 3981 nort
882 3934 930 3989 tto,
942 3933 1043 3980 Memmi
1053 3932 1143 3982 Bruno
1155 3931 1286 3998 (Harburg

76 4019 148 4077 1872,
163 4030 188 4077 p.
201 4017 239 4076 3):
257 4014 370 4075 acutely3
388 4013 435 4062 but
447 4028 488 4062 see
500 4017 576 4062 notes
587 4015 611 4063 2.
713 4014 761 4063 372
773 4015 865 4075 quique
877 4012 956 4062 Lech.
969 4013 1009 4061 for
1020 4015 1139 4076 quidque.

75 4099 124 4150 376
135 4099 221 4160 pavit.
256 4098 320 4144 tavit
331 4095 431 4144 Nonius
449 4096 514 4144 Mar.
527 4095 584 4145 Ald.
600 4095 701 4143 lJunt.
712 4095 803 4144 Lamb.
818 4095 847 4142 in
864 4096 927 4152 text,
939 4094 986 4142 but
1002 4095 1030 4143 in
1048 4099 1122 4144 notes
1137 4095 1171 4145 he
1187 4097 1286 4158 prefers

70 4183 155 4246 pavit.
254 4179 302 4227 331
314 4185 350 4226 est
362 4180 411 4226 toli
422 4176 501 4226 Laoh.
514 4177 554 4225 for
571 4184 607 4226 est
624 4178 713 4224 arr-imi.
747 4183 784 4224 est
799 4177 882 4238 parili
900 4175 978 4224 Bern.
995 4178 1042 4224 not
1054 4190 1083 4224 so
1094 4176 1162 4226 well:
1179 4177 1224 4226 the
1236 4186 1246 4227 t
1258 4178 1287 4227 of

75 4265 125 4312 tali
142 4275 194 4310 was
206 4259 331 4309 absorbed
341 4259 371 4307 in
383 4266 426 4309 est.
463 4266 501 4307 est
512 4261 564 4308 iam
575 4260 657 4308 animi
668 4257 773 4316 Lamb.;
790 4257 837 4306 but
849 4258 929 4305 animi
940 4256 963 4304 is
975 4259 1021 4305 out
1032 4257 1061 4306 of
1069 4257 1149 4318 place.

74 4346 123 4394 333
130 4345 194 4408 fuat
205 4341 289 4391 Faber
300 4340 351 4391 and
362 4340 450 4391 Bentl.
462 4341 590 4404 forfluot:
608 4339 674 4402 Livy
685 4353 735 4390 xxv
746 4340 777 4388 12
790 4339 805 4389 6
816 4352 879 4389 mss.
893 4337 1032 4403 haveflaot
1043 4339 1156 4401 forsoot.
1235 4342 1285 4393 387
