2842 4860
610 229 612 233 ⁵
718 277 767 341 111

223 440 353 520 credier,
375 463 415 507 ex
437 463 498 506 usu
521 463 604 527 quae
625 447 703 505 sunt
724 439 857 526 vitaque
879 446 1016 525 reperta.

223 545 280 611 illa
301 545 433 632 quidem
454 567 597 611 seorsum
620 552 697 609 sunt
719 544 828 609 omnia
849 567 932 630 quae
954 543 1044 629 prius
1065 542 1137 629 ipsa

223 658 302 715 nata
323 651 440 716 dedere
462 673 538 715 suae
560 657 634 735 post
655 648 807 714 notitiam
830 648 992 713 utilitatis.

225 777 289 840 quo
310 777 428 841 genere
449 753 485 817 in
506 752 618 839 primis
640 775 751 817 sensus
773 760 808 817 et
829 753 976 817 membra
996 753 1163 835 videmus3
1283 755 1345 834 855

226 880 324 944 quare
346 858 445 923 etiam
469 865 567 943 atque
590 856 690 921 etiam
712 858 822 943 procul
846 864 957 923 estut
979 859 1107 925 credere
1129 858 1231 945 possis

225 961 380 1027 utilitatis
402 961 443 1027 ob
465 960 605 1025 officium
627 960 771 1046 potuisse
794 960 915 1046 creari]

271 1066 372 1150 [lllud
394 1066 474 1130 item
496 1087 561 1128 non
583 1073 633 1129 est
653 1064 847 1143 mirandum,
869 1066 1007 1151 corporis
1028 1066 1100 1152 ipsa

227 1168 314 1254 quod
334 1175 453 1232 natura
474 1167 583 1232 cibum
605 1166 734 1253 quaerit
756 1167 912 1253 cuiusque
934 1168 1117 1235 animantis.

226 1272 346 1358 quippe
369 1271 491 1337 etenim
513 1272 612 1336 fluere
635 1279 733 1357 atque
756 1271 903 1337 recedere
926 1294 1058 1359 corpora
1079 1273 1176 1339 rebus
1285 1274 1352 1339 860

226 1377 332 1442 multa
352 1377 455 1442 modis
477 1377 589 1441 multis
611 1377 713 1456 docui,
736 1377 793 1442 sed
814 1376 954 1462 plurima
975 1376 1096 1443 debent

228 1503 268 1545 ex
290 1478 486 1545 animalibu'.
515 1502 596 1566 quoe
617 1479 695 1566 quia
716 1487 793 1544 sunt
815 1479 957 1545 exercita
977 1487 1079 1559 motu,

228 1584 396 1670 multaque
418 1606 476 1670 per
497 1583 645 1648 sudorem
668 1606 708 1648 ex
730 1584 797 1647 alto
817 1605 927 1669 pressa
948 1584 1105 1662 feruntur,

228 1689 334 1753 multa
355 1710 414 1774 per
434 1710 469 1752 os
491 1687 693 1765 exhalantur,
715 1709 790 1751 cum
812 1686 966 1775 languida
988 1687 1151 1765 anhelant,

229 1791 280 1857 his
300 1791 403 1880 igitur
423 1792 520 1857 rebus
541 1791 673 1857 rarescit
695 1814 809 1877 corpus
831 1800 866 1857 et
887 1793 991 1858 omnis

229 1894 398 1960 subruitur
418 1902 552 1974 natura;
582 1893 671 1959 dolor
692 1917 791 1980 quam
813 1895 1021 1982 consequitur
1042 1918 1119 1961 rem.

230 2008 400 2085 propterea
422 1998 549 2084 capitur
570 1997 661 2063 cibus
683 2005 722 2062 ut
744 1998 908 2064 suffulciat
929 2007 1020 2064 artus

230 2112 266 2170 et
286 2112 410 2170 recreet
431 2102 514 2168 vires
535 2102 718 2168 interdatus
740 2110 839 2189 atque
861 2110 1031 2189 patentem

229 2231 288 2294 per
309 2208 455 2274 membra
475 2230 513 2273 ac
534 2229 632 2272 venas
654 2215 693 2271 ut
715 2230 857 2272 amorem
879 2215 1011 2294 opturet
1033 2207 1157 2274 edendi

229 2335 322 2378 umor
342 2313 423 2378 item
446 2312 582 2378 discedit
603 2312 638 2377 in
661 2311 770 2377 omnia
791 2335 873 2399 quae
896 2314 965 2379 loca
987 2336 1125 2400 cumque

230 2425 367 2504 poscunt
389 2439 553 2496 umorem3
582 2416 825 2503 glomerataque
847 2417 953 2483 multa
973 2418 1099 2504 vaporis

231 2544 369 2607 corpora,
391 2543 473 2607 quae
496 2520 660 2585 stomacho
682 2520 839 2606 praebent
861 2521 1011 2587 incendia
1031 2529 1149 2600 nostro,

231 2623 377 2709 dissupat
398 2621 573 2687 adveniens
595 2622 700 2708 liquor
721 2645 758 2686 ac
780 2622 955 2710 restinguit
977 2631 1016 2687 ut
1037 2623 1156 2712 ignem,

231 2749 324 2792 urere
346 2749 387 2791 ne
409 2726 511 2814 possit
532 2726 617 2790 calor
638 2726 777 2812 amplius
799 2726 907 2792 aridus
929 2735 1026 2793 artus

232 2831 277 2897 sic
298 2831 401 2919 igitur
421 2830 485 2896 tibi
506 2830 623 2896 anhela
644 2831 715 2896 sitis
737 2830 777 2896 de
801 2854 929 2918 corpore
952 2841 1061 2898 nostro

232 2934 385 3013 abluitur,
407 2933 453 2999 sic
474 2934 625 3019 expletur
645 2933 756 2999 ieiuna
777 2934 916 3020 cupido]

275 3037 374 3102 Nunc
396 3036 453 3124 qui
474 3037 533 3102 fiat
555 3037 606 3101 uti
628 3059 741 3123 passus
762 3039 902 3123 proferre
926 3060 1090 3125 queamus,

233 3166 307 3208 cum
328 3143 486 3220 volumus,
508 3141 659 3228 varieque
681 3142 795 3207 datum
818 3143 861 3207 sit
884 3143 1030 3208 membra
1051 3165 1188 3222 movere,

233 3256 268 3313 et
289 3270 372 3334 quae
394 3270 445 3312 res
467 3255 597 3312 tantum
619 3248 679 3313 hoc
701 3248 806 3313 oneris
827 3248 1015 3335 protrudere
1037 3249 1138 3314 nostri

234 3350 372 3436 corporis
392 3349 539 3429 insuerit,
561 3349 685 3417 dicam:
711 3360 749 3416 tu
772 3350 900 3437 percipe
923 3351 1019 3418 diota.

234 3453 305 3519 dieo
327 3453 434 3518 animo
456 3463 565 3519 nostro
586 3454 728 3541 primum
750 3454 922 3519 simulacra
942 3455 1073 3519 meandi
1140 3528 1142 3533 ,

234 3557 376 3623 accidere
398 3566 497 3644 atque
520 3559 665 3623 animum
686 3560 823 3646 pulsare,
844 3567 884 3624 ut
906 3558 1046 3623 diximus
1068 3566 1153 3623 ante.

235 3662 310 3729 inde
332 3665 481 3729 voluntas
502 3664 561 3745 fit;
590 3686 695 3750 neque
718 3663 805 3728 enim
828 3664 930 3728 facere
952 3662 1068 3748 incipit
1089 3662 1191 3727 ullam

236 3790 305 3832 rem
327 3767 505 3854 quisquam,
528 3789 625 3853 quam
646 3789 738 3831 mens
759 3766 901 3852 providit
922 3765 1001 3853 quid
1023 3765 1103 3831 velit
1124 3772 1209 3830 ante.

237 3870 272 3937 id
293 3871 379 3957 quod
400 3870 556 3959 providet,
577 3869 666 3934 illius
687 3870 734 3936 rei
756 3878 882 3936 constat
903 3870 1018 3958 image.
1297 3871 1358 3952 885

185 4025 233 4077 868
250 4040 314 4089 quae
331 4026 394 4088 quia
409 4022 490 4074 Lach.
508 4022 550 4072 for
567 4025 637 4085 quta.
672 4032 697 4074 et
714 4027 776 4088 qaia
793 4025 853 4074 Vct.
865 4025 930 4077 3276
941 4025 1012 4076 Brix.
1027 4024 1102 4076 Pont.
1138 4025 1200 4074 baec
1211 4024 1275 4086 quia
1284 4022 1360 4074 Wak„

153 4105 456 4171 tiaqotanrdutum.
490 4106 605 4168 hisquae
618 4106 684 4155 Mar.
718 4108 761 4167 iis,
776 4105 942 4168 quueLamb.
1053 4106 1102 4157 863
1119 4104 1186 4155 folla
1204 4104 1362 4168 byabetter

152 4190 275 4252 stopping
290 4188 304 4236 Ι
318 4187 384 4238 have
399 4185 476 4237 made
491 4186 536 4236 the
551 4200 658 4249 passage
670 4186 740 4248 quite
751 4188 834 4237 clear:
852 4187 898 4238 the
908 4187 1028 4253 apodesis
1040 4188 1070 4238 ol
1083 4187 1129 4238 the
1140 4190 1262 4238 sentence
1271 4187 1362 4252 begins

152 4272 216 4322 with
234 4273 285 4321 Hie
304 4272 392 4333 igitar.
428 4268 509 4320 Lech.
530 4268 629 4320 inverte
649 4269 696 4318 863
717 4269 845 4320 61111864.
880 4269 969 4334 (lump.
987 4270 1044 4320 203.
1141 4269 1360 4335 8776610661.

153 4356 224 4406 Brix.
237 4355 313 4405 Pont.
325 4354 391 4404 Mar.
403 4352 443 4403 for
447 4355 508 4417 flet.
607 4355 655 4405 878
671 4356 790 4417 vasteque
802 4353 862 4405 Ver.
874 4352 908 4390 V*
988 4353 1070 4398 nefor
1078 4367 1195 4420 mque,

187 4441 235 4491 884
252 4441 384 4504 quisquam
401 4452 476 4501 quam
491 4435 561 4487 Brix.
582 4436 647 4486 Mar.
665 4436 705 4486 for
722 4439 779 4500 quis
795 4450 868 4501 quam
1104 4435 1202 4503 lmi-
1233 4435 1365 4502 16661
