2842 4860
282 371 380 435 Nunc
402 392 471 456 age,
492 393 543 434 res
565 369 717 455 quoniam
739 367 833 433 docui
855 389 920 430 non
941 387 1033 452 posse
1056 363 1157 429 creari

238 474 279 539 de
301 474 367 538 nilo
389 496 496 559 neque
517 473 597 538 item
619 473 747 559 genitas
768 472 809 536 ad
831 472 878 535 nil
900 471 1051 549 revocari,

239 599 347 662 nequa
368 577 450 642 forte
472 585 582 641 tamen
605 584 733 661 coeptes
754 574 901 639 diffidere
924 573 1027 651 dictis,

241 681 327 766 quod
348 687 516 766 nequeunt
538 679 638 744 oculis
659 700 768 743 rerum
789 677 964 763 primordia
986 676 1081 754 cerni,

242 784 350 869 accipe
371 791 538 869 praeterea
559 805 642 868 quae
665 805 796 868 corpora
817 790 890 846 tute
912 790 1072 846 necessest

242 888 413 953 confiteare
436 909 503 951 esse
525 886 560 951 in
581 887 678 951 rebus
700 908 759 950 nec
781 907 874 970 posse
896 885 1007 950 videri.

243 990 400 1076 principio
422 990 512 1055 venti
533 990 583 1054 vis
604 990 752 1054 verberat
773 990 874 1055 incita
895 997 1006 1074 portus

244 1093 449 1182 ingentisque
470 1094 536 1159 ruit
557 1095 649 1159 navis
672 1103 706 1160 et
727 1095 841 1159 nubila
863 1094 981 1172 differt,

243 1198 407 1263 interdum
429 1199 540 1284 rapido
560 1221 747 1284 percurrens
768 1199 898 1264 turbine
921 1204 1049 1284 campos

245 1302 411 1367 arboribus
433 1303 559 1388 magnis
581 1304 697 1368 sternit
719 1304 902 1389 montisque
924 1325 1089 1388 supremos

246 1406 415 1492 silvifragis
437 1417 535 1473 vexat
557 1407 684 1472 flabris:
713 1407 762 1472 ita
783 1407 921 1492 perfurit
942 1407 1007 1471 acri
1301 1418 1361 1486 275

246 1531 321 1574 curn
343 1510 475 1575 fremitu
498 1511 663 1595 saevitque
686 1510 805 1575 minaci
827 1533 992 1575 murmure
1013 1517 1137 1574 ventus

247 1622 325 1679 sunt
346 1615 447 1700 igitur
468 1615 559 1680 venti
580 1615 735 1713 nimirum
758 1637 888 1700 corpora
909 1637 1004 1680 caeca
1216 1586 1323 1721 111211]

248 1739 331 1802 quae
352 1741 449 1796 mare,
473 1741 556 1803 quae
579 1727 687 1797 terras,
702 1701 792 1803 „quae
816 1719 956 1804 denique
978 1719 1091 1784 nubila
1112 1716 1192 1783 caeli

247 1830 380 1886 verrunt
402 1845 439 1887 ac
461 1823 568 1887 subito
590 1822 744 1887 vexantia
761 1822 891 1887 turbine
914 1824 1053 1907 raptant,

247 1946 307 1990 nec
328 1927 453 1991 ratione
474 1926 582 1991 fluunt
604 1926 669 1990 alia
690 1935 895 2012 stragemque
911 1920 1095 2013 'propagant
1303 1927 1367 1989 280

250 2036 285 2093 et
306 2051 380 2093 cum
401 2029 507 2094 mollis
529 2052 633 2115 aquae
655 2030 757 2093 fertur
778 2038 895 2094 natura
916 2040 1049 2115 repente

249 2133 384 2197 flumine
406 2134 593 2212 abundanti,
618 2156 717 2219 quam
739 2134 836 2220 largis
858 2134 1017 2198 imbribus
1039 2142 1138 2219 auget

250 2236 415 2301 montibus
437 2259 478 2302 ex
499 2237 574 2302 altis
596 2259 733 2322 magnus
755 2238 907 2302 decursus
930 2238 1027 2323 aquai

251 2340 409 2424 fragmina
431 2341 590 2407 coniciens
612 2342 766 2407 silvarum
788 2343 983 2428 arbustaque
1006 2351 1085 2420 tota,

250 2465 311 2508 nec
331 2444 431 2508 validi
452 2454 587 2530 possunt
609 2454 724 2531 pontes
746 2446 906 2510 venientis
929 2445 1026 2531 aquai
1305 2447 1366 2524 285

252 2549 320 2614 vim
341 2549 484 2614 subitam
505 2549 658 2614 tolerare:
687 2550 736 2614 ita
757 2572 875 2634 magno
897 2550 1046 2614 turbidus
1067 2549 1165 2613 imbri

249 2653 388 2718 molibus
409 2652 543 2719 incurrit
565 2654 679 2719 validis
701 2677 775 2720 cum
797 2655 920 2719 viribus
942 2655 1064 2719 amnis:

253 2757 309 2822 dat
331 2756 439 2821 sonitu
461 2780 578 2844 magno
601 2767 742 2843 stragem
763 2757 929 2845 volvitque
952 2758 1013 2823 sub
1034 2757 1131 2822 undis

253 2860 387 2946 grandia
409 2883 504 2926 saxa:
534 2861 600 2926 ruit
622 2861 867 2949 Qicquid
885 2861 1039 2926 fiuctibus
1062 2862 1177 2928 obstat.

254 2965 299 3030 sic
320 2965 421 3050 igitur
443 2966 563 3030 debent
584 2966 675 3031 venti
697 2988 827 3053 quoque
849 2966 981 3030 flamina
1003 2965 1087 3041 ferri,
1308 2984 1374 3050 290

255 3092 338 3154 quae
361 3069 463 3134 veluti
484 3070 630 3135 validum
652 3094 726 3136 cum
748 3071 871 3135 flumen
893 3071 1090 3156 procubuere

255 3174 435 3258 quamlibet
456 3174 492 3238 in
513 3184 649 3261 partem,
673 3176 812 3241 trudunt
833 3198 884 3241 res
906 3184 982 3240 ante
1004 3183 1170 3259 ruuntque

97 3248 206 3382 Wadi>
255 3279 432 3370 1Ἦῷῡο
455 3279 581 3357 crebris,
603 3281 767 3345 interdum
789 3280 909 3346 vertice
931 3288 1016 3344 torto

255 3383 433 3468 corripiunt
454 3385 630 3471 rapideque
652 3385 775 3450 rotanti
796 3385 929 3450 turbine
950 3391 1091 3470 portant.

256 3509 355 3572 quare
377 3488 478 3553 etiam
500 3496 598 3574 atque
621 3490 720 3555 etiam
743 3499 820 3555 sunt
841 3489 932 3554 venti
955 3510 1086 3572 corpora
1108 3509 1211 3566 caeca,
1312 3502 1373 3569 295

221 3711 268 3764 271
282 3718 372 3773 portas
390 3711 427 3761 all
441 3710 501 3762 Vat.
515 3711 585 3761 Flor.
601 3714 634 3764 29
652 3712 704 3762 and
722 3713 753 3761 31
771 3712 840 3764 Flor.
858 3713 968 3763 300011.
987 3710 1078 3761 Oamb.
1092 3710 1132 3761 101
1151 3719 1242 3761 cortus.
1271 3720 1378 3774 pontum

171 3793 238 3844 Mar.
249 3792 364 3842 Politian
374 3793 403 3842 in
413 3807 494 3855 marg.
509 3793 537 3843 of
547 3793 617 3843 Flor.
629 3795 669 3852 29,
681 3794 698 3843 J
699 3797 754 3844 unt.
769 3793 822 3844 and
833 3793 987 3856 apparently
997 3793 1066 3844 Nico.
1103 3801 1187 3842 cautes
1199 3792 1280 3842 Lach.
1292 3794 1378 3843 which

171 3877 195 3926 10
210 3889 272 3937 very
287 3874 366 3924 weak.
474 3875 522 3926 274
541 3877 644 3933 ‘amarit
660 3876 767 3925 Merui!
787 3889 847 3938 says
866 3875 1003 3924 Gifanius:
1022 3873 1076 3924 and
1091 3889 1120 3923 00
1135 3875 1201 3924 Mar.
1222 3877 1332 3925 correcta
1350 3875 1378 3924 in

172 3958 259 4018 Mon.;
276 3956 324 4006 but
343 3955 478 4006 lunatas
494 3955 592 4018 rightly
606 3959 705 4006 sternit.
803 3957 954 4007 2761110100
973 3954 1053 4005 Lach.
1072 3955 1112 4005 101
1127 3965 1227 4020 pontus.
1263 4014 1265 4018 Α
1328 3960 1378 4008 282

171 4054 249 4103 qaam
265 4037 345 4090 Lach.
369 4038 410 4088 101
431 4055 509 4104 qiam.
543 4041 608 4102 quod
625 4039 694 4088 Flor.
714 4040 749 4088 30
765 4053 831 4088 corr.
845 4039 921 4089 Pont.
937 4030 1003 4088 Mar.
1025 4038 1099 4087 Jnnt.
1197 4039 1245 4088 286
1264 4043 1380 4091 turbidus

171 4123 195 4172 A
206 4136 270 4172 corr.
281 4121 351 4171 Nico.
365 4121 406 4170 for
422 4123 544 4170 tortitia.
643 4121 692 4170 289
708 4123 829 4184 quicquid
843 4119 893 4171 Ed.
910 4120 951 4170 101
965 4121 1105 4183 quidquid:
1118 4135 1153 4169 no
1166 4120 1266 4170 further
1279 4120 1381 4184 change

172 4205 196 4254 is
207 4202 337 4266 required:
350 4217 391 4253 see
402 4206 477 4253 notes
489 4205 518 4254 2:
531 4205 633 4266 ruitque
644 4205 684 4252 ita
696 4205 823 4266 quidquid
832 4202 913 4253 Lach.
946 4203 1047 4265 ruitque
1058 4217 1127 4265 aquo
1138 4218 1161 4264 q.
1175 4201 1226 4251 Ed.
1238 4202 1369 4267 formerly.

223 4287 271 4338 294
287 4287 377 4349 rapide
388 4284 468 4335 Lach.
484 4285 524 4335 101
538 4286 625 4350 rapidi
639 4283 725 4334 which
740 4283 815 4336 Wak.
832 4283 956 4349 absurdly
969 4281 1076 4336 retains.
1111 4284 1251 4348 rapidoque
1266 4289 1382 4336 rotantia

174 4364 796 4432 namb.ed.1anda,rapidoqammuan8.
841 4384 845 4397 ·
954 4386 980 4393 ··
