<?xml version="1.0" encoding="UTF-8"?>
<!DOCTYPE html PUBLIC "-//W3C//DTD XHTML 1.0 Transitional//EN"
    "http://www.w3.org/TR/xhtml1/DTD/xhtml1-transitional.dtd">
<html xmlns="http://www.w3.org/1999/xhtml" xml:lang="en" lang="en">
 <head>
  <title>
</title>
<meta http-equiv="Content-Type" content="text/html;charset=utf-8" />
  <meta name='ocr-system' content='tesseract 3.04.00' />
  <meta name='ocr-capabilities' content='ocr_page ocr_carea ocr_par ocr_line ocrx_word'/>
</head>
<body>
  <div class='ocr_page' id='page_1' title='image "./tlucreticarider01munrgoog_0242.png"; bbox 0 0 2842 4860; ppageno 0'>
   <div class='ocr_carea' id='block_1_1' title="bbox 639 251 670 313">
    <p class='ocr_par' dir='ltr' id='par_1_1' title="bbox 639 251 670 313">
     <span class='ocr_line' id='line_1_1' title="bbox 639 251 670 313; baseline 0 0"><span class='ocrx_word' id='word_1_1' title='bbox 639 251 670 313; x_wconf 89' lang='lat' dir='ltr'>V</span> 
     </span>
    </p>
   </div>
   <div class='ocr_carea' id='block_1_2' title="bbox 62 411 1125 2369">
    <p class='ocr_par' dir='ltr' id='par_1_2' title="bbox 183 411 920 501">
     <span class='ocr_line' id='line_1_2' title="bbox 183 411 920 501; baseline -0.005 -22"><span class='ocrx_word' id='word_1_2' title='bbox 183 416 277 480; x_wconf 90' lang='lat' dir='ltr'>Luna</span> <span class='ocrx_word' id='word_1_3' title='bbox 298 421 406 501; x_wconf 91' lang='lat' dir='ltr'>potest</span> <span class='ocrx_word' id='word_1_4' title='bbox 428 415 503 479; x_wconf 88' lang='lat' dir='ltr'>solis</span> <span class='ocrx_word' id='word_1_5' title='bbox 526 412 623 478; x_wconf 88' lang='lat' dir='ltr'>radiis</span> <span class='ocrx_word' id='word_1_6' title='bbox 644 433 795 498; x_wconf 87' lang='lat' dir='ltr'>percussa</span> <span class='ocrx_word' id='word_1_7' title='bbox 815 411 920 475; x_wconf 91' lang='lat' dir='ltr'>nitere</span> 
     </span>
    </p>

    <p class='ocr_par' dir='ltr' id='par_1_3' title="bbox 62 515 1125 2369">
     <span class='ocr_line' id='line_1_3' title="bbox 62 515 968 606; baseline -0.003 -24"><span class='ocrx_word' id='word_1_8' title='bbox 62 533 72 540; x_wconf 78' lang='grc'>··</span> <span class='ocrx_word' id='word_1_9' title='bbox 112 518 236 605; x_wconf 73' lang='lat' dir='ltr'>&#39;inque</span> <span class='ocrx_word' id='word_1_10' title='bbox 258 519 328 584; x_wconf 88' lang='lat' dir='ltr'>dies</span> <span class='ocrx_word' id='word_1_11' title='bbox 349 519 454 606; x_wconf 89' lang='lat' dir='ltr'>magis</span> <span class='ocrx_word' id='word_1_12' title='bbox 476 519 512 584; x_wconf 78' lang='lat' dir='ltr'>id</span> <span class='ocrx_word' id='word_1_13' title='bbox 534 519 645 582; x_wconf 90' lang='lat' dir='ltr'>lumen</span> <span class='ocrx_word' id='word_1_14' title='bbox 667 525 852 582; x_wconf 87' lang='lat' dir='ltr'>convertere</span> <span class='ocrx_word' id='word_1_15' title='bbox 874 515 968 580; x_wconf 91' lang='lat' dir='ltr'>nobis</span> 
     </span>
     <span class='ocr_line' id='line_1_4' title="bbox 136 618 935 708; baseline -0.006 -21"><span class='ocrx_word' id='word_1_16' title='bbox 136 621 179 686; x_wconf 91' lang='lat' dir='ltr'>ad</span> <span class='ocrx_word' id='word_1_17' title='bbox 200 623 349 708; x_wconf 88' lang='lat' dir='ltr'>speciem,</span> <span class='ocrx_word' id='word_1_18' title='bbox 372 630 532 708; x_wconf 88' lang='lat' dir='ltr'>quantum</span> <span class='ocrx_word' id='word_1_19' title='bbox 554 621 628 685; x_wconf 89' lang='lat' dir='ltr'>solis</span> <span class='ocrx_word' id='word_1_20' title='bbox 650 619 772 684; x_wconf 90' lang='lat' dir='ltr'>secedit</span> <span class='ocrx_word' id='word_1_21' title='bbox 794 618 835 683; x_wconf 95' lang='lat' dir='ltr'>ab</span> <span class='ocrx_word' id='word_1_22' title='bbox 858 618 935 694; x_wconf 90' lang='lat' dir='ltr'>orbi,</span> 
     </span>
     <span class='ocr_line' id='line_1_5' title="bbox 136 723 990 813; baseline -0.002 -23"><span class='ocrx_word' id='word_1_23' title='bbox 136 727 276 813; x_wconf 93' lang='lat' dir='ltr'>donique</span> <span class='ocrx_word' id='word_1_24' title='bbox 299 750 375 792; x_wconf 94' lang='lat' dir='ltr'>eum</span> <span class='ocrx_word' id='word_1_25' title='bbox 397 735 509 791; x_wconf 90' lang='lat' dir='ltr'>contra</span> <span class='ocrx_word' id='word_1_26' title='bbox 529 727 625 812; x_wconf 90' lang='lat' dir='ltr'>pleno</span> <span class='ocrx_word' id='word_1_27' title='bbox 648 725 730 790; x_wconf 94' lang='lat' dir='ltr'>bene</span> <span class='ocrx_word' id='word_1_28' title='bbox 753 726 876 790; x_wconf 91' lang='lat' dir='ltr'>lumine</span> <span class='ocrx_word' id='word_1_29' title='bbox 899 723 990 788; x_wconf 89' lang='lat' dir='ltr'>fulsit</span> 
     </span>
     <span class='ocr_line' id='line_1_6' title="bbox 136 828 936 916; baseline -0.004 -22"><span class='ocrx_word' id='word_1_30' title='bbox 136 839 235 916; x_wconf 92' lang='lat' dir='ltr'>atque</span> <span class='ocrx_word' id='word_1_31' title='bbox 258 831 362 894; x_wconf 89' lang='lat' dir='ltr'>oriens</span> <span class='ocrx_word' id='word_1_32' title='bbox 385 830 492 895; x_wconf 91' lang='lat' dir='ltr'>obitus</span> <span class='ocrx_word' id='word_1_33' title='bbox 515 830 584 894; x_wconf 88' lang='lat' dir='ltr'>eius</span> <span class='ocrx_word' id='word_1_34' title='bbox 606 851 704 913; x_wconf 90' lang='lat' dir='ltr'>super</span> <span class='ocrx_word' id='word_1_35' title='bbox 725 829 814 893; x_wconf 90' lang='lat' dir='ltr'>edita</span> <span class='ocrx_word' id='word_1_36' title='bbox 835 828 936 906; x_wconf 83' lang='lat' dir='ltr'>vidit3</span> 
     </span>
     <span class='ocr_line' id='line_1_7' title="bbox 135 934 936 1020; baseline -0.001 -22"><span class='ocrx_word' id='word_1_37' title='bbox 135 936 211 1000; x_wconf 92' lang='lat' dir='ltr'>inde</span> <span class='ocrx_word' id='word_1_38' title='bbox 233 936 422 1000; x_wconf 76' lang='lat' dir='ltr'><strong>minutatim</strong></span> <span class='ocrx_word' id='word_1_39' title='bbox 444 942 530 999; x_wconf 89' lang='lat' dir='ltr'>retro</span> <span class='ocrx_word' id='word_1_40' title='bbox 553 935 645 1020; x_wconf 80' lang='lat' dir='ltr'><strong>quasi</strong></span> <span class='ocrx_word' id='word_1_41' title='bbox 666 934 802 998; x_wconf 90' lang='lat' dir='ltr'>condere</span> <span class='ocrx_word' id='word_1_42' title='bbox 824 934 936 998; x_wconf 91' lang='lat' dir='ltr'>lumen</span> 
     </span>
     <span class='ocr_line' id='line_1_8' title="bbox 115 1036 1022 1125; baseline -0.006 -21"><span class='ocrx_word' id='word_1_43' title='bbox 115 1049 120 1108; x_wconf 71' lang='grc' dir='ltr'>ζ</span> <span class='ocrx_word' id='word_1_44' title='bbox 136 1038 233 1104; x_wconf 88' lang='lat' dir='ltr'>debet</span> <span class='ocrx_word' id='word_1_45' title='bbox 255 1041 344 1117; x_wconf 89' lang='lat' dir='ltr'>item,</span> <span class='ocrx_word' id='word_1_46' title='bbox 367 1047 488 1125; x_wconf 88' lang='lat' dir='ltr'>quanto</span> <span class='ocrx_word' id='word_1_47' title='bbox 510 1039 641 1124; x_wconf 92' lang='lat' dir='ltr'>propius</span> <span class='ocrx_word' id='word_1_48' title='bbox 663 1039 729 1103; x_wconf 92' lang='lat' dir='ltr'>iam</span> <span class='ocrx_word' id='word_1_49' title='bbox 751 1039 826 1102; x_wconf 90' lang='lat' dir='ltr'>solis</span> <span class='ocrx_word' id='word_1_50' title='bbox 848 1036 890 1102; x_wconf 89' lang='lat' dir='ltr'>ad</span> <span class='ocrx_word' id='word_1_51' title='bbox 912 1037 1022 1123; x_wconf 85' lang='lat' dir='ltr'>ignem</span> 
     </span>
     <span class='ocr_line' id='line_1_9' title="bbox 136 1143 940 1232; baseline -0.002 -23"><span class='ocrx_word' id='word_1_52' title='bbox 136 1145 258 1209; x_wconf 77' lang='lat' dir='ltr'>labitur</span> <span class='ocrx_word' id='word_1_53' title='bbox 279 1168 319 1209; x_wconf 87' lang='lat' dir='ltr'>ex</span> <span class='ocrx_word' id='word_1_54' title='bbox 341 1146 406 1209; x_wconf 90' lang='lat' dir='ltr'>alia</span> <span class='ocrx_word' id='word_1_55' title='bbox 427 1145 592 1232; x_wconf 86' lang='lat' dir='ltr'>signorum</span> <span class='ocrx_word' id='word_1_56' title='bbox 614 1152 707 1230; x_wconf 90' lang='lat' dir='ltr'>parte</span> <span class='ocrx_word' id='word_1_57' title='bbox 729 1167 787 1230; x_wconf 90' lang='lat' dir='ltr'>per</span> <span class='ocrx_word' id='word_1_58' title='bbox 809 1143 940 1222; x_wconf 88' lang='lat' dir='ltr'>orbem;</span> 
     </span>
     <span class='ocr_line' id='line_1_10' title="bbox 137 1244 886 1332; baseline 0 -24"><span class='ocrx_word' id='word_1_59' title='bbox 137 1253 175 1309; x_wconf 98' lang='lat' dir='ltr'>ut</span> <span class='ocrx_word' id='word_1_60' title='bbox 197 1246 329 1323; x_wconf 90' lang='lat' dir='ltr'>faciunt,</span> <span class='ocrx_word' id='word_1_61' title='bbox 351 1246 463 1310; x_wconf 88' lang='lat' dir='ltr'>lunam</span> <span class='ocrx_word' id='word_1_62' title='bbox 485 1245 543 1331; x_wconf 92' lang='lat' dir='ltr'>qui</span> <span class='ocrx_word' id='word_1_63' title='bbox 564 1245 693 1332; x_wconf 92' lang='lat' dir='ltr'>fingunt</span> <span class='ocrx_word' id='word_1_64' title='bbox 716 1267 784 1309; x_wconf 87' lang='lat' dir='ltr'>esse</span> <span class='ocrx_word' id='word_1_65' title='bbox 799 1244 886 1329; x_wconf 51' lang='lat' dir='ltr'>¹pilai</span> 
     </span>
     <span class='ocr_line' id='line_1_11' title="bbox 136 1349 951 1435; baseline -0.001 -22"><span class='ocrx_word' id='word_1_66' title='bbox 136 1349 334 1413; x_wconf 82' lang='lat' dir='ltr'>consimilem</span> <span class='ocrx_word' id='word_1_67' title='bbox 356 1371 531 1435; x_wconf 88' lang='lat' dir='ltr'>cursusque</span> <span class='ocrx_word' id='word_1_68' title='bbox 554 1349 639 1413; x_wconf 91' lang='lat' dir='ltr'>viam</span> <span class='ocrx_word' id='word_1_69' title='bbox 662 1349 722 1413; x_wconf 94' lang='lat' dir='ltr'>sub</span> <span class='ocrx_word' id='word_1_70' title='bbox 745 1349 811 1413; x_wconf 90' lang='lat' dir='ltr'>sole</span> <span class='ocrx_word' id='word_1_71' title='bbox 833 1356 951 1413; x_wconf 87' lang='lat' dir='ltr'>tenere.</span> 
     </span>
     <span class='ocr_line' id='line_1_12' title="bbox 137 1452 943 1538; baseline 0 -23"><span class='ocrx_word' id='word_1_72' title='bbox 137 1460 186 1515; x_wconf 88' lang='lat' dir='ltr'>est</span> <span class='ocrx_word' id='word_1_73' title='bbox 208 1453 307 1516; x_wconf 88' lang='lat' dir='ltr'>etiam</span> <span class='ocrx_word' id='word_1_74' title='bbox 330 1475 428 1538; x_wconf 93' lang='lat' dir='ltr'>quare</span> <span class='ocrx_word' id='word_1_75' title='bbox 451 1453 578 1537; x_wconf 90' lang='lat' dir='ltr'>proprio</span> <span class='ocrx_word' id='word_1_76' title='bbox 600 1475 675 1516; x_wconf 95' lang='lat' dir='ltr'>cum</span> <span class='ocrx_word' id='word_1_77' title='bbox 697 1452 820 1516; x_wconf 91' lang='lat' dir='ltr'>lumine</span> <span class='ocrx_word' id='word_1_78' title='bbox 842 1453 943 1537; x_wconf 88' lang='lat' dir='ltr'>possit</span> 
     </span>
     <span class='ocr_line' id='line_1_13' title="bbox 118 1556 938 1641; baseline 0.002 -22"><span class='ocrx_word' id='word_1_79' title='bbox 118 1556 258 1620; x_wconf 85' lang='lat' dir='ltr'>volvier</span> <span class='ocrx_word' id='word_1_80' title='bbox 279 1565 313 1620; x_wconf 92' lang='lat' dir='ltr'>et</span> <span class='ocrx_word' id='word_1_81' title='bbox 335 1557 438 1620; x_wconf 86' lang='lat' dir='ltr'>varias</span> <span class='ocrx_word' id='word_1_82' title='bbox 461 1556 638 1641; x_wconf 84' lang='lat' dir='ltr'>splendoris</span> <span class='ocrx_word' id='word_1_83' title='bbox 659 1556 792 1620; x_wconf 90' lang='lat' dir='ltr'>reddere</span> <span class='ocrx_word' id='word_1_84' title='bbox 815 1558 938 1621; x_wconf 84' lang='lat' dir='ltr'>formas</span> 
     </span>
     <span class='ocr_line' id='line_1_14' title="bbox 137 1660 1038 1746; baseline 0 -23"><span class='ocrx_word' id='word_1_85' title='bbox 137 1682 251 1744; x_wconf 89' lang='lat' dir='ltr'>corpus</span> <span class='ocrx_word' id='word_1_86' title='bbox 273 1660 360 1724; x_wconf 90' lang='lat' dir='ltr'>enim</span> <span class='ocrx_word' id='word_1_87' title='bbox 382 1661 458 1725; x_wconf 91' lang='lat' dir='ltr'>licet</span> <span class='ocrx_word' id='word_1_88' title='bbox 481 1683 549 1725; x_wconf 88' lang='lat' dir='ltr'>esse</span> <span class='ocrx_word' id='word_1_89' title='bbox 572 1660 661 1725; x_wconf 90' lang='lat' dir='ltr'>aliud</span> <span class='ocrx_word' id='word_1_90' title='bbox 684 1661 769 1746; x_wconf 91' lang='lat' dir='ltr'>quod</span> <span class='ocrx_word' id='word_1_91' title='bbox 792 1662 895 1725; x_wconf 88' lang='lat' dir='ltr'>fertur</span> <span class='ocrx_word' id='word_1_92' title='bbox 916 1669 950 1725; x_wconf 92' lang='lat' dir='ltr'>et</span> <span class='ocrx_word' id='word_1_93' title='bbox 972 1683 1038 1724; x_wconf 92' lang='lat' dir='ltr'>una</span> 
     </span>
     <span class='ocr_line' id='line_1_15' title="bbox 138 1764 889 1850; baseline 0.003 -23"><span class='ocrx_word' id='word_1_94' title='bbox 138 1764 259 1828; x_wconf 90' lang='lat' dir='ltr'>labitur</span> <span class='ocrx_word' id='word_1_95' title='bbox 280 1766 472 1830; x_wconf 83' lang='lat' dir='ltr'>omnimodis</span> <span class='ocrx_word' id='word_1_96' title='bbox 494 1789 662 1830; x_wconf 79' lang='lat' dir='ltr'>occursans</span> <span class='ocrx_word' id='word_1_97' title='bbox 684 1765 889 1850; x_wconf 89' lang='lat' dir='ltr'>efficiensque</span> 
     </span>
     <span class='ocr_line' id='line_1_16' title="bbox 138 1869 1017 1955; baseline 0.001 -24"><span class='ocrx_word' id='word_1_98' title='bbox 138 1890 197 1931; x_wconf 91' lang='lat' dir='ltr'>nec</span> <span class='ocrx_word' id='word_1_99' title='bbox 218 1869 304 1952; x_wconf 86' lang='lat' dir='ltr'>potis</span> <span class='ocrx_word' id='word_1_100' title='bbox 326 1878 376 1933; x_wconf 88' lang='lat' dir='ltr'>est</span> <span class='ocrx_word' id='word_1_101' title='bbox 398 1869 493 1946; x_wconf 89' lang='lat' dir='ltr'>cerni,</span> <span class='ocrx_word' id='word_1_102' title='bbox 517 1869 594 1955; x_wconf 94' lang='lat' dir='ltr'>quia</span> <span class='ocrx_word' id='word_1_103' title='bbox 615 1892 741 1933; x_wconf 88' lang='lat' dir='ltr'>cassum</span> <span class='ocrx_word' id='word_1_104' title='bbox 764 1869 886 1933; x_wconf 92' lang='lat' dir='ltr'>lumine</span> <span class='ocrx_word' id='word_1_105' title='bbox 909 1869 1017 1932; x_wconf 88' lang='lat' dir='ltr'>fertur.</span> 
     </span>
     <span class='ocr_line' id='line_1_17' title="bbox 138 1970 930 2057; baseline 0.003 -25"><span class='ocrx_word' id='word_1_106' title='bbox 138 1970 320 2056; x_wconf 81' lang='lat' dir='ltr'>versarique</span> <span class='ocrx_word' id='word_1_107' title='bbox 342 1979 459 2056; x_wconf 91' lang='lat' dir='ltr'>potest,</span> <span class='ocrx_word' id='word_1_108' title='bbox 480 1972 596 2057; x_wconf 87' lang='lat' dir='ltr'>globus</span> <span class='ocrx_word' id='word_1_109' title='bbox 618 1980 665 2048; x_wconf 89' lang='lat' dir='ltr'>ut,</span> <span class='ocrx_word' id='word_1_110' title='bbox 688 1972 716 2035; x_wconf 89' lang='lat' dir='ltr'>si</span> <span class='ocrx_word' id='word_1_111' title='bbox 738 1973 828 2048; x_wconf 90' lang='lat' dir='ltr'>forte,</span> <span class='ocrx_word' id='word_1_112' title='bbox 850 1971 930 2056; x_wconf 90' lang='lat' dir='ltr'>pilai</span> 
     </span>
     <span class='ocr_line' id='line_1_18' title="bbox 138 2074 915 2162; baseline 0.001 -25"><span class='ocrx_word' id='word_1_113' title='bbox 138 2074 273 2140; x_wconf 90' lang='lat' dir='ltr'>dimidia</span> <span class='ocrx_word' id='word_1_114' title='bbox 295 2099 335 2140; x_wconf 83' lang='lat' dir='ltr'>ex</span> <span class='ocrx_word' id='word_1_115' title='bbox 357 2077 443 2162; x_wconf 90' lang='lat' dir='ltr'>parti</span> <span class='ocrx_word' id='word_1_116' title='bbox 465 2077 617 2141; x_wconf 90' lang='lat' dir='ltr'>candenti</span> <span class='ocrx_word' id='word_1_117' title='bbox 639 2076 762 2140; x_wconf 90' lang='lat' dir='ltr'>lumine</span> <span class='ocrx_word' id='word_1_118' title='bbox 785 2076 915 2152; x_wconf 90' lang='lat' dir='ltr'>tinctus,</span> 
     </span>
     <span class='ocr_line' id='line_1_19' title="bbox 138 2179 955 2268; baseline 0 -26"><span class='ocrx_word' id='word_1_119' title='bbox 138 2179 357 2266; x_wconf 84' lang='lat' dir='ltr'>versandoque</span> <span class='ocrx_word' id='word_1_120' title='bbox 380 2181 513 2268; x_wconf 86' lang='lat' dir='ltr'>globum</span> <span class='ocrx_word' id='word_1_121' title='bbox 535 2180 690 2244; x_wconf 88' lang='lat' dir='ltr'>variantis</span> <span class='ocrx_word' id='word_1_122' title='bbox 713 2179 807 2244; x_wconf 87' lang='lat' dir='ltr'>edere</span> <span class='ocrx_word' id='word_1_123' title='bbox 830 2180 955 2255; x_wconf 80' lang='lat' dir='ltr'>formae,</span> 
     </span>
     <span class='ocr_line' id='line_1_20' title="bbox 138 2281 1125 2369; baseline -0.001 -23"><span class='ocrx_word' id='word_1_124' title='bbox 138 2281 277 2367; x_wconf 90' lang='lat' dir='ltr'>donique</span> <span class='ocrx_word' id='word_1_125' title='bbox 299 2306 371 2348; x_wconf 89' lang='lat' dir='ltr'>eam</span> <span class='ocrx_word' id='word_1_126' title='bbox 393 2291 528 2369; x_wconf 91' lang='lat' dir='ltr'>partem,</span> <span class='ocrx_word' id='word_1_127' title='bbox 551 2306 773 2368; x_wconf 87' lang='lat' dir='ltr'>quaecumque</span> <span class='ocrx_word' id='word_1_128' title='bbox 796 2291 845 2348; x_wconf 90' lang='lat' dir='ltr'>est</span> <span class='ocrx_word' id='word_1_129' title='bbox 867 2282 998 2369; x_wconf 90' lang='lat' dir='ltr'>ignibus</span> <span class='ocrx_word' id='word_1_130' title='bbox 1021 2290 1125 2358; x_wconf 88' lang='lat' dir='ltr'>aucta,</span> 
     </span>
    </p>
   </div>
   <div class='ocr_carea' id='block_1_3' title="bbox 138 2385 952 2473">
    <p class='ocr_par' dir='ltr' id='par_1_4' title="bbox 138 2385 952 2473">
     <span class='ocr_line' id='line_1_21' title="bbox 138 2385 952 2473; baseline 0 -23"><span class='ocrx_word' id='word_1_131' title='bbox 138 2385 180 2450; x_wconf 89' lang='lat' dir='ltr'>ad</span> <span class='ocrx_word' id='word_1_132' title='bbox 201 2387 341 2472; x_wconf 89' lang='lat' dir='ltr'>speciem</span> <span class='ocrx_word' id='word_1_133' title='bbox 363 2388 462 2452; x_wconf 88' lang='lat' dir='ltr'>vertit</span> <span class='ocrx_word' id='word_1_134' title='bbox 485 2387 577 2452; x_wconf 86' lang='lat' dir='ltr'>nobis</span> <span class='ocrx_word' id='word_1_135' title='bbox 599 2387 769 2473; x_wconf 89' lang='lat' dir='ltr'>oculosque</span> <span class='ocrx_word' id='word_1_136' title='bbox 791 2386 952 2472; x_wconf 91' lang='lat' dir='ltr'>patentis;</span> 
     </span>
    </p>
   </div>
   <div class='ocr_carea' id='block_1_4' title="bbox 63 2489 1116 3406">
    <p class='ocr_par' dir='ltr' id='par_1_5' title="bbox 63 2489 957 2680">
     <span class='ocr_line' id='line_1_22' title="bbox 138 2489 931 2576; baseline 0.001 -24"><span class='ocrx_word' id='word_1_137' title='bbox 138 2489 214 2553; x_wconf 94' lang='lat' dir='ltr'>inde</span> <span class='ocrx_word' id='word_1_138' title='bbox 237 2490 426 2555; x_wconf 73' lang='lat' dir='ltr'>minutatim</span> <span class='ocrx_word' id='word_1_139' title='bbox 448 2499 534 2555; x_wconf 92' lang='lat' dir='ltr'>retro</span> <span class='ocrx_word' id='word_1_140' title='bbox 557 2497 747 2576; x_wconf 88' lang='lat' dir='ltr'>contorquet</span> <span class='ocrx_word' id='word_1_141' title='bbox 769 2498 803 2554; x_wconf 91' lang='lat' dir='ltr'>et</span> <span class='ocrx_word' id='word_1_142' title='bbox 825 2491 931 2554; x_wconf 87' lang='lat' dir='ltr'>aufert</span> 
     </span>
     <span class='ocr_line' id='line_1_23' title="bbox 63 2592 957 2680; baseline 0.001 -25"><span class='ocrx_word' id='word_1_143' title='bbox 63 2599 67 2606; x_wconf 76' lang='grc'><em>“</em></span> <span class='ocrx_word' id='word_1_144' title='bbox 118 2592 305 2658; x_wconf 87' lang='lat' dir='ltr'>luciferam</span> <span class='ocrx_word' id='word_1_145' title='bbox 328 2602 454 2679; x_wconf 88' lang='lat' dir='ltr'>partem</span> <span class='ocrx_word' id='word_1_146' title='bbox 467 2605 470 2612; x_wconf 88' lang='lat'>&#39;</span> <span class='ocrx_word' id='word_1_147' title='bbox 476 2594 715 2680; x_wconf 87' lang='lat' dir='ltr'>glomeraminis</span> <span class='ocrx_word' id='word_1_148' title='bbox 738 2602 836 2678; x_wconf 88' lang='lat' dir='ltr'>atque</span> <span class='ocrx_word' id='word_1_149' title='bbox 858 2593 957 2678; x_wconf 82' lang='lat' dir='ltr'>pilai3</span> 
     </span>
    </p>

    <p class='ocr_par' dir='ltr' id='par_1_6' title="bbox 139 2695 1116 3095">
     <span class='ocr_line' id='line_1_24' title="bbox 139 2695 953 2782; baseline 0 -23"><span class='ocrx_word' id='word_1_150' title='bbox 139 2703 178 2759; x_wconf 97' lang='lat' dir='ltr'>ut</span> <span class='ocrx_word' id='word_1_151' title='bbox 201 2696 398 2782; x_wconf 88' lang='lat' dir='ltr'>Babylonica</span> <span class='ocrx_word' id='word_1_152' title='bbox 420 2697 620 2763; x_wconf 79' lang='lat' dir='ltr'>Chaldaeum</span> <span class='ocrx_word' id='word_1_153' title='bbox 643 2695 789 2760; x_wconf 90' lang='lat' dir='ltr'>doctrina</span> <span class='ocrx_word' id='word_1_154' title='bbox 809 2697 953 2760; x_wconf 91' lang='lat' dir='ltr'>refutans</span> 
     </span>
     <span class='ocr_line' id='line_1_25' title="bbox 140 2800 979 2887; baseline 0 -24"><span class='ocrx_word' id='word_1_155' title='bbox 140 2800 372 2887; x_wconf 88' lang='lat' dir='ltr'>astrologorum</span> <span class='ocrx_word' id='word_1_156' title='bbox 394 2809 498 2865; x_wconf 88' lang='lat' dir='ltr'>artem</span> <span class='ocrx_word' id='word_1_157' title='bbox 521 2809 632 2865; x_wconf 91' lang='lat' dir='ltr'>contra</span> <span class='ocrx_word' id='word_1_158' title='bbox 654 2802 840 2865; x_wconf 85' lang='lat' dir='ltr'>convincere</span> <span class='ocrx_word' id='word_1_159' title='bbox 863 2800 979 2876; x_wconf 88' lang='lat' dir='ltr'>tendit,</span> 
     </span>
     <span class='ocr_line' id='line_1_26' title="bbox 139 2905 1116 2992; baseline -0.003 -23"><span class='ocrx_word' id='word_1_160' title='bbox 139 2905 272 2990; x_wconf 91' lang='lat' dir='ltr'>proinde</span> <span class='ocrx_word' id='word_1_161' title='bbox 295 2907 388 2992; x_wconf 88' lang='lat' dir='ltr'>quasi</span> <span class='ocrx_word' id='word_1_162' title='bbox 408 2906 444 2971; x_wconf 93' lang='lat' dir='ltr'>id</span> <span class='ocrx_word' id='word_1_163' title='bbox 465 2907 536 2970; x_wconf 90' lang='lat' dir='ltr'>fieri</span> <span class='ocrx_word' id='word_1_164' title='bbox 557 2914 699 2992; x_wconf 89' lang='lat' dir='ltr'>nequeat</span> <span class='ocrx_word' id='word_1_165' title='bbox 722 2905 809 2991; x_wconf 92' lang='lat' dir='ltr'>quod</span> <span class='ocrx_word' id='word_1_166' title='bbox 831 2912 957 2992; x_wconf 86' lang='lat' dir='ltr'>pugnat</span> <span class='ocrx_word' id='word_1_167' title='bbox 979 2911 1116 2987; x_wconf 89' lang='lat' dir='ltr'>uterque</span> 
     </span>
     <span class='ocr_line' id='line_1_27' title="bbox 140 3009 956 3095; baseline 0.001 -24"><span class='ocrx_word' id='word_1_168' title='bbox 140 3016 199 3072; x_wconf 93' lang='lat' dir='ltr'>aut</span> <span class='ocrx_word' id='word_1_169' title='bbox 221 3009 328 3074; x_wconf 89' lang='lat' dir='ltr'>minus</span> <span class='ocrx_word' id='word_1_170' title='bbox 350 3011 410 3075; x_wconf 90' lang='lat' dir='ltr'>hoc</span> <span class='ocrx_word' id='word_1_171' title='bbox 432 3011 487 3075; x_wconf 91' lang='lat' dir='ltr'>illo</span> <span class='ocrx_word' id='word_1_172' title='bbox 510 3011 553 3075; x_wconf 94' lang='lat' dir='ltr'>sit</span> <span class='ocrx_word' id='word_1_173' title='bbox 576 3034 633 3075; x_wconf 92' lang='lat' dir='ltr'>cur</span> <span class='ocrx_word' id='word_1_174' title='bbox 654 3010 842 3095; x_wconf 88' lang='lat' dir='ltr'>amplectier</span> <span class='ocrx_word' id='word_1_175' title='bbox 863 3009 956 3072; x_wconf 90' lang='lat' dir='ltr'>ausis.</span> 
     </span>
    </p>

    <p class='ocr_par' dir='ltr' id='par_1_7' title="bbox 115 3110 998 3302">
     <span class='ocr_line' id='line_1_28' title="bbox 115 3110 998 3200; baseline -0.006 -22"><span class='ocrx_word' id='word_1_176' title='bbox 115 3121 120 3178; x_wconf 77' lang='grc' dir='ltr'>ἶ</span> <span class='ocrx_word' id='word_1_177' title='bbox 139 3110 279 3196; x_wconf 89' lang='lat' dir='ltr'>denique</span> <span class='ocrx_word' id='word_1_178' title='bbox 301 3135 359 3177; x_wconf 91' lang='lat' dir='ltr'>cur</span> <span class='ocrx_word' id='word_1_179' title='bbox 380 3122 521 3200; x_wconf 89' lang='lat' dir='ltr'>nequeat</span> <span class='ocrx_word' id='word_1_180' title='bbox 543 3136 670 3198; x_wconf 90' lang='lat' dir='ltr'>semper</span> <span class='ocrx_word' id='word_1_181' title='bbox 693 3136 777 3177; x_wconf 92' lang='lat' dir='ltr'>nova</span> <span class='ocrx_word' id='word_1_182' title='bbox 798 3112 876 3176; x_wconf 93' lang='lat' dir='ltr'>luna</span> <span class='ocrx_word' id='word_1_183' title='bbox 897 3110 998 3175; x_wconf 90' lang='lat' dir='ltr'>creari</span> 
     </span>
     <span class='ocr_line' id='line_1_29' title="bbox 140 3212 872 3302; baseline 0.004 -27"><span class='ocrx_word' id='word_1_184' title='bbox 140 3212 250 3278; x_wconf 89' lang='lat' dir='ltr'>ordine</span> <span class='ocrx_word' id='word_1_185' title='bbox 273 3217 446 3281; x_wconf 92' lang='lat' dir='ltr'>formarum</span> <span class='ocrx_word' id='word_1_186' title='bbox 468 3225 555 3281; x_wconf 88' lang='lat' dir='ltr'>certo</span> <span class='ocrx_word' id='word_1_187' title='bbox 578 3217 737 3302; x_wconf 89' lang='lat' dir='ltr'>certisque</span> <span class='ocrx_word' id='word_1_188' title='bbox 759 3215 872 3302; x_wconf 88' lang='lat' dir='ltr'>figuris</span> 
     </span>
    </p>

    <p class='ocr_par' dir='ltr' id='par_1_8' title="bbox 141 3315 916 3406">
     <span class='ocr_line' id='line_1_30' title="bbox 141 3315 916 3406; baseline 0.003 -28"><span class='ocrx_word' id='word_1_189' title='bbox 141 3315 239 3400; x_wconf 91' lang='lat' dir='ltr'>inque</span> <span class='ocrx_word' id='word_1_190' title='bbox 261 3319 330 3384; x_wconf 89' lang='lat' dir='ltr'>dies</span> <span class='ocrx_word' id='word_1_191' title='bbox 351 3321 458 3405; x_wconf 89' lang='lat' dir='ltr'>privos</span> <span class='ocrx_word' id='word_1_192' title='bbox 480 3321 615 3385; x_wconf 88' lang='lat' dir='ltr'>aborisci</span> <span class='ocrx_word' id='word_1_193' title='bbox 638 3341 784 3406; x_wconf 90' lang='lat' dir='ltr'>quaeque</span> <span class='ocrx_word' id='word_1_194' title='bbox 807 3325 916 3382; x_wconf 90' lang='lat' dir='ltr'>creata</span> 
     </span>
    </p>
   </div>
   <div class='ocr_carea' id='block_1_5' title="bbox 49 3487 1266 4456">
    <p class='ocr_par' dir='ltr' id='par_1_9' title="bbox 49 3487 1266 4456">
     <span class='ocr_line' id='line_1_31' title="bbox 54 3487 1262 3552; baseline -0.003 -6"><span class='ocrx_word' id='word_1_195' title='bbox 54 3496 135 3546; x_wconf 88' lang='lat' dir='ltr'>refers</span> <span class='ocrx_word' id='word_1_196' title='bbox 152 3497 179 3545; x_wconf 88' lang='lat' dir='ltr'>to</span> <span class='ocrx_word' id='word_1_197' title='bbox 197 3491 335 3550; x_wconf 83' lang='lat' dir='ltr'>ooo-665,</span> <span class='ocrx_word' id='word_1_198' title='bbox 352 3490 406 3541; x_wconf 87' lang='lat' dir='ltr'>and</span> <span class='ocrx_word' id='word_1_199' title='bbox 423 3489 481 3540; x_wconf 88' lang='lat' dir='ltr'>that</span> <span class='ocrx_word' id='word_1_200' title='bbox 498 3505 514 3540; x_wconf 88' lang='lat' dir='ltr'>a</span> <span class='ocrx_word' id='word_1_201' title='bbox 530 3505 602 3540; x_wconf 88' lang='lat' dir='ltr'>verse</span> <span class='ocrx_word' id='word_1_202' title='bbox 618 3489 641 3539; x_wconf 95' lang='lat' dir='ltr'>is</span> <span class='ocrx_word' id='word_1_203' title='bbox 658 3489 709 3539; x_wconf 90' lang='lat' dir='ltr'>lost</span> <span class='ocrx_word' id='word_1_204' title='bbox 726 3487 791 3538; x_wconf 87' lang='lat' dir='ltr'>such</span> <span class='ocrx_word' id='word_1_205' title='bbox 807 3503 836 3538; x_wconf 88' lang='lat' dir='ltr'>as</span> <span class='ocrx_word' id='word_1_206' title='bbox 853 3487 915 3547; x_wconf 90' lang='lat' dir='ltr'>this,</span> <span class='ocrx_word' id='word_1_207' title='bbox 935 3490 985 3550; x_wconf 82' lang='lat' dir='ltr'>Qui</span> <span class='ocrx_word' id='word_1_208' title='bbox 997 3490 1102 3552; x_wconf 80' lang='lat' dir='ltr'>faciunt</span> <span class='ocrx_word' id='word_1_209' title='bbox 1119 3493 1179 3541; x_wconf 62' lang='lat' dir='ltr'>solra</span> <span class='ocrx_word' id='word_1_210' title='bbox 1195 3507 1262 3542; x_wconf 84' lang='lat' dir='ltr'>nova</span> 
     </span>
     <span class='ocr_line' id='line_1_32' title="bbox 53 3570 1262 3642; baseline -0.002 -14"><span class='ocrx_word' id='word_1_211' title='bbox 53 3593 148 3642; x_wconf 76' lang='lat' dir='ltr'>semper</span> <span class='ocrx_word' id='word_1_212' title='bbox 159 3579 256 3626; x_wconf 79' lang='lat' dir='ltr'>lumina</span> <span class='ocrx_word' id='word_1_213' title='bbox 265 3576 353 3637; x_wconf 66' lang='lat' dir='ltr'>pigui:</span> <span class='ocrx_word' id='word_1_214' title='bbox 369 3571 495 3635; x_wconf 84' lang='lat' dir='ltr'>probably</span> <span class='ocrx_word' id='word_1_215' title='bbox 505 3571 541 3621; x_wconf 91' lang='lat' dir='ltr'>its</span> <span class='ocrx_word' id='word_1_216' title='bbox 556 3571 733 3621; x_wconf 82' lang='lat' dir='ltr'>resemblance</span> <span class='ocrx_word' id='word_1_217' title='bbox 750 3574 777 3620; x_wconf 93' lang='lat' dir='ltr'>to</span> <span class='ocrx_word' id='word_1_218' title='bbox 793 3571 840 3621; x_wconf 87' lang='grc'>703</span> <span class='ocrx_word' id='word_1_219' title='bbox 852 3570 947 3620; x_wconf 84' lang='lat' dir='ltr'>caused</span> <span class='ocrx_word' id='word_1_220' title='bbox 962 3570 997 3620; x_wconf 92' lang='lat' dir='ltr'>its</span> <span class='ocrx_word' id='word_1_221' title='bbox 1013 3571 1147 3623; x_wconf 86' lang='lat' dir='ltr'>omission.</span> <span class='ocrx_word' id='word_1_222' title='bbox 1180 3575 1262 3627; x_wconf 83' lang='lat' dir='ltr'>Lacb.</span> 
     </span>
     <span class='ocr_line' id='line_1_33' title="bbox 54 3651 1262 3719; baseline -0.001 -13"><span class='ocrx_word' id='word_1_223' title='bbox 54 3656 186 3718; x_wconf 83' lang='lat' dir='ltr'>strangely</span> <span class='ocrx_word' id='word_1_224' title='bbox 202 3669 326 3718; x_wconf 86' lang='lat' dir='ltr'>supposes</span> <span class='ocrx_word' id='word_1_225' title='bbox 343 3653 388 3702; x_wconf 88' lang='lat' dir='ltr'>the</span> <span class='ocrx_word' id='word_1_226' title='bbox 405 3655 527 3702; x_wconf 85' lang='lat' dir='ltr'>sentence</span> <span class='ocrx_word' id='word_1_227' title='bbox 544 3651 739 3715; x_wconf 86' lang='lat' dir='ltr'>completeand</span> <span class='ocrx_word' id='word_1_228' title='bbox 754 3651 824 3714; x_wconf 84' lang='lat' dir='ltr'>joins</span> <span class='ocrx_word' id='word_1_229' title='bbox 842 3651 889 3703; x_wconf 86' lang='grc'>704</span> <span class='ocrx_word' id='word_1_230' title='bbox 906 3651 968 3700; x_wconf 88' lang='lat' dir='ltr'>with</span> <span class='ocrx_word' id='word_1_231' title='bbox 986 3654 1042 3709; x_wconf 82' lang='grc'><strong>703,</strong></span> <span class='ocrx_word' id='word_1_232' title='bbox 1060 3668 1090 3702; x_wconf 89' lang='lat' dir='ltr'>as</span> <span class='ocrx_word' id='word_1_233' title='bbox 1106 3653 1128 3702; x_wconf 88' lang='lat' dir='ltr'>if</span> <span class='ocrx_word' id='word_1_234' title='bbox 1143 3655 1262 3719; x_wconf 81' lang='lat' dir='ltr'>anybody</span> 
     </span>
     <span class='ocr_line' id='line_1_34' title="bbox 55 3734 1262 3800; baseline -0.002 -11"><span class='ocrx_word' id='word_1_235' title='bbox 55 3737 133 3789; x_wconf 89' lang='lat' dir='ltr'>could</span> <span class='ocrx_word' id='word_1_236' title='bbox 149 3753 207 3788; x_wconf 91' lang='lat' dir='ltr'>ever</span> <span class='ocrx_word' id='word_1_237' title='bbox 223 3737 291 3800; x_wconf 82' lang='lat' dir='ltr'>deny</span> <span class='ocrx_word' id='word_1_238' title='bbox 307 3736 366 3787; x_wconf 87' lang='lat' dir='ltr'>tbat</span> <span class='ocrx_word' id='word_1_239' title='bbox 383 3736 428 3785; x_wconf 87' lang='lat' dir='ltr'>the</span> <span class='ocrx_word' id='word_1_240' title='bbox 445 3750 495 3785; x_wconf 89' lang='lat' dir='ltr'>sun</span> <span class='ocrx_word' id='word_1_241' title='bbox 512 3751 570 3785; x_wconf 84' lang='lat' dir='ltr'>rose</span> <span class='ocrx_word' id='word_1_242' title='bbox 586 3735 614 3784; x_wconf 91' lang='lat' dir='ltr'>in</span> <span class='ocrx_word' id='word_1_243' title='bbox 632 3751 647 3784; x_wconf 88' lang='lat' dir='ltr'>a</span> <span class='ocrx_word' id='word_1_244' title='bbox 664 3735 762 3785; x_wconf 86' lang='lat' dir='ltr'>certain</span> <span class='ocrx_word' id='word_1_245' title='bbox 779 3737 898 3796; x_wconf 81' lang='lat' dir='ltr'>quarter:</span> <span class='ocrx_word' id='word_1_246' title='bbox 915 3735 964 3785; x_wconf 82' lang='lat'>704</span> <span class='ocrx_word' id='word_1_247' title='bbox 980 3734 1065 3784; x_wconf 86' lang='lat' dir='ltr'>which</span> <span class='ocrx_word' id='word_1_248' title='bbox 1081 3736 1116 3799; x_wconf 85' lang='lat' dir='ltr'>by</span> <span class='ocrx_word' id='word_1_249' title='bbox 1126 3737 1197 3786; x_wconf 87' lang='lat' dir='ltr'>itself</span> <span class='ocrx_word' id='word_1_250' title='bbox 1213 3737 1262 3787; x_wconf 86' lang='lat' dir='ltr'>bas</span> 
     </span>
     <span class='ocr_line' id='line_1_35' title="bbox 53 3816 1262 3882; baseline 0 -12"><span class='ocrx_word' id='word_1_251' title='bbox 53 3836 90 3870; x_wconf 95' lang='lat' dir='ltr'>no</span> <span class='ocrx_word' id='word_1_252' title='bbox 101 3819 223 3882; x_wconf 83' lang='lat' dir='ltr'>meaning</span> <span class='ocrx_word' id='word_1_253' title='bbox 235 3834 288 3869; x_wconf 85' lang='lat' dir='ltr'>was</span> <span class='ocrx_word' id='word_1_254' title='bbox 298 3817 390 3881; x_wconf 89' lang='lat' dir='ltr'>placed</span> <span class='ocrx_word' id='word_1_255' title='bbox 401 3818 469 3868; x_wconf 87' lang='lat' dir='ltr'>after</span> <span class='ocrx_word' id='word_1_256' title='bbox 481 3818 529 3869; x_wconf 82' lang='grc'>714</span> <span class='ocrx_word' id='word_1_257' title='bbox 540 3818 574 3880; x_wconf 85' lang='lat' dir='ltr'>by</span> <span class='ocrx_word' id='word_1_258' title='bbox 584 3819 695 3880; x_wconf 86' lang='lat' dir='ltr'>Nauger.</span> <span class='ocrx_word' id='word_1_259' title='bbox 708 3817 825 3867; x_wconf 81' lang='lat' dir='ltr'>followed</span> <span class='ocrx_word' id='word_1_260' title='bbox 836 3817 870 3880; x_wconf 82' lang='lat' dir='ltr'>by</span> <span class='ocrx_word' id='word_1_261' title='bbox 881 3817 916 3866; x_wconf 81' lang='lat' dir='ltr'>all</span> <span class='ocrx_word' id='word_1_262' title='bbox 927 3816 1014 3867; x_wconf 87' lang='lat' dir='ltr'>before</span> <span class='ocrx_word' id='word_1_263' title='bbox 1024 3818 1105 3868; x_wconf 86' lang='lat' dir='ltr'>Laob.</span> <span class='ocrx_word' id='word_1_264' title='bbox 1215 3822 1262 3872; x_wconf 84' lang='grc'>705</span> 
     </span>
     <span class='ocr_line' id='line_1_36' title="bbox 49 3899 1263 3968; baseline -0.001 -15"><span class='ocrx_word' id='word_1_265' title='bbox 49 3918 171 3968; x_wconf 74' lang='lat' dir='ltr'>percussa</span> <span class='ocrx_word' id='word_1_266' title='bbox 182 3901 251 3951; x_wconf 87' lang='lat' dir='ltr'>Flor.</span> <span class='ocrx_word' id='word_1_267' title='bbox 264 3902 295 3950; x_wconf 82' lang='grc'>31</span> <span class='ocrx_word' id='word_1_268' title='bbox 308 3899 397 3950; x_wconf 72' lang='lat' dir='ltr'>(lamb.</span> <span class='ocrx_word' id='word_1_269' title='bbox 409 3899 495 3949; x_wconf 85' lang='lat' dir='ltr'>before</span> <span class='ocrx_word' id='word_1_270' title='bbox 505 3899 596 3949; x_wconf 87' lang='lat' dir='ltr'>Lamb.</span> <span class='ocrx_word' id='word_1_271' title='bbox 611 3899 651 3948; x_wconf 89' lang='lat' dir='ltr'>for</span> <span class='ocrx_word' id='word_1_272' title='bbox 659 3901 784 3963; x_wconf 80' lang='lat' dir='ltr'>perculsa.</span> <span class='ocrx_word' id='word_1_273' title='bbox 900 3899 947 3950; x_wconf 88' lang='grc'>706</span> <span class='ocrx_word' id='word_1_274' title='bbox 958 3901 1038 3961; x_wconf 71' lang='lat' dir='ltr'>mauis</span> <span class='ocrx_word' id='word_1_275' title='bbox 1049 3901 1078 3949; x_wconf 84' lang='lat' dir='ltr'>id</span> <span class='ocrx_word' id='word_1_276' title='bbox 1090 3902 1172 3951; x_wconf 78' lang='lat' dir='ltr'>lumen</span> <span class='ocrx_word' id='word_1_277' title='bbox 1181 3902 1263 3952; x_wconf 83' lang='lat' dir='ltr'>Lech.</span> 
     </span>
     <span class='ocr_line' id='line_1_37' title="bbox 53 3978 1264 4043; baseline 0 -12"><span class='ocrx_word' id='word_1_278' title='bbox 53 3983 94 4032; x_wconf 86' lang='lat' dir='ltr'>for</span> <span class='ocrx_word' id='word_1_279' title='bbox 111 3984 193 4043; x_wconf 73' lang='lat' dir='ltr'>mauis</span> <span class='ocrx_word' id='word_1_280' title='bbox 210 3984 300 4031; x_wconf 83' lang='lat' dir='ltr'>lumea.</span> <span class='ocrx_word' id='word_1_281' title='bbox 333 3983 413 4042; x_wconf 66' lang='lat' dir='ltr'>asapia</span> <span class='ocrx_word' id='word_1_282' title='bbox 431 3982 475 4030; x_wconf 84' lang='lat' dir='ltr'>boe</span> <span class='ocrx_word' id='word_1_283' title='bbox 491 3979 560 4029; x_wconf 85' lang='lat' dir='ltr'>Flor.</span> <span class='ocrx_word' id='word_1_284' title='bbox 579 3981 619 4030; x_wconf 84' lang='lat'>31.</span> <span class='ocrx_word' id='word_1_285' title='bbox 652 3982 733 4030; x_wconf 75' lang='lat' dir='ltr'>emtus</span> <span class='ocrx_word' id='word_1_286' title='bbox 750 3980 816 4029; x_wconf 87' lang='lat' dir='ltr'>Mar.</span> <span class='ocrx_word' id='word_1_287' title='bbox 833 3978 891 4028; x_wconf 87' lang='lat' dir='ltr'>Ald.</span> <span class='ocrx_word' id='word_1_288' title='bbox 910 3979 1010 4028; x_wconf 87' lang='lat' dir='ltr'>lJunt.</span> <span class='ocrx_word' id='word_1_289' title='bbox 1021 3979 1092 4041; x_wconf 84' lang='lat' dir='ltr'>vulg.</span> <span class='ocrx_word' id='word_1_290' title='bbox 1125 3982 1222 4042; x_wconf 70' lang='lat' dir='ltr'>mauis:</span> <span class='ocrx_word' id='word_1_291' title='bbox 1240 3989 1264 4030; x_wconf 85' lang='lat' dir='ltr'>et</span> 
     </span>
     <span class='ocr_line' id='line_1_38' title="bbox 54 4060 1264 4125; baseline -0.003 -11"><span class='ocrx_word' id='word_1_292' title='bbox 54 4068 138 4114; x_wconf 81' lang='lat' dir='ltr'>lumen</span> <span class='ocrx_word' id='word_1_293' title='bbox 154 4063 231 4112; x_wconf 92' lang='lat' dir='ltr'>Pont.</span> <span class='ocrx_word' id='word_1_294' title='bbox 248 4063 359 4124; x_wconf 83' lang='lat' dir='ltr'>Nauger.</span> <span class='ocrx_word' id='word_1_295' title='bbox 480 4063 527 4113; x_wconf 83' lang='grc'>708</span> <span class='ocrx_word' id='word_1_296' title='bbox 545 4063 593 4112; x_wconf 86' lang='grc'>723</span> <span class='ocrx_word' id='word_1_297' title='bbox 609 4063 735 4125; x_wconf 77' lang='lat' dir='ltr'>Denique.</span> <span class='ocrx_word' id='word_1_298' title='bbox 775 4063 900 4111; x_wconf 73' lang='lat' dir='ltr'>Dorticum</span> <span class='ocrx_word' id='word_1_299' title='bbox 915 4060 1008 4110; x_wconf 85' lang='lat' dir='ltr'>Lamb.</span> <span class='ocrx_word' id='word_1_300' title='bbox 1025 4061 1140 4124; x_wconf 82' lang='lat' dir='ltr'>wrongly</span> <span class='ocrx_word' id='word_1_301' title='bbox 1155 4061 1184 4111; x_wconf 92' lang='lat' dir='ltr'>in</span> <span class='ocrx_word' id='word_1_302' title='bbox 1200 4061 1264 4112; x_wconf 91' lang='lat' dir='ltr'>both</span> 
     </span>
     <span class='ocr_line' id='line_1_39' title="bbox 53 4142 1266 4209; baseline -0.003 -13"><span class='ocrx_word' id='word_1_303' title='bbox 53 4146 147 4209; x_wconf 81' lang='lat' dir='ltr'>places.</span> <span class='ocrx_word' id='word_1_304' title='bbox 289 4144 335 4196; x_wconf 94' lang='grc'>711</span> <span class='ocrx_word' id='word_1_305' title='bbox 353 4142 790 4194; x_wconf 75' lang='lat' dir='ltr'>iumMar,Ald.1Junt.f0rtam.</span> <span class='ocrx_word' id='word_1_306' title='bbox 932 4143 981 4193; x_wconf 92' lang='grc'>720</span> <span class='ocrx_word' id='word_1_307' title='bbox 996 4144 1151 4206; x_wconf 80' lang='lat' dir='ltr'>ut,riforte.</span> <span class='ocrx_word' id='word_1_308' title='bbox 1191 4151 1220 4192; x_wconf 86' lang='lat' dir='ltr'>ut</span> <span class='ocrx_word' id='word_1_309' title='bbox 1231 4145 1266 4192; x_wconf 79' lang='lat' dir='ltr'>ait</span> 
     </span>
     <span class='ocr_line' id='line_1_40' title="bbox 49 4221 1265 4291; baseline -0.002 -15"><span class='ocrx_word' id='word_1_310' title='bbox 49 4229 119 4291; x_wconf 81' lang='lat' dir='ltr'>forte</span> <span class='ocrx_word' id='word_1_311' title='bbox 129 4225 211 4275; x_wconf 83' lang='lat' dir='ltr'>Laoh.</span> <span class='ocrx_word' id='word_1_312' title='bbox 223 4225 290 4274; x_wconf 84' lang='lat' dir='ltr'>aiter</span> <span class='ocrx_word' id='word_1_313' title='bbox 301 4225 325 4274; x_wconf 87' lang='lat' dir='ltr'>J.</span> <span class='ocrx_word' id='word_1_314' title='bbox 338 4224 427 4274; x_wconf 88' lang='lat' dir='ltr'>Dousa</span> <span class='ocrx_word' id='word_1_315' title='bbox 439 4224 476 4272; x_wconf 91' lang='lat' dir='ltr'>fil.</span> <span class='ocrx_word' id='word_1_316' title='bbox 491 4223 560 4273; x_wconf 87' lang='lat' dir='ltr'>‘sine</span> <span class='ocrx_word' id='word_1_317' title='bbox 571 4223 625 4273; x_wconf 89' lang='lat' dir='ltr'>ulla</span> <span class='ocrx_word' id='word_1_318' title='bbox 636 4238 714 4273; x_wconf 83' lang='lat' dir='ltr'>causa</span> <span class='ocrx_word' id='word_1_319' title='bbox 726 4226 752 4272; x_wconf 85' lang='lat' dir='ltr'>et</span> <span class='ocrx_word' id='word_1_320' title='bbox 765 4237 825 4272; x_wconf 90' lang='lat' dir='ltr'>oum</span> <span class='ocrx_word' id='word_1_321' title='bbox 840 4221 965 4272; x_wconf 86' lang='lat' dir='ltr'>orationis</span> <span class='ocrx_word' id='word_1_322' title='bbox 980 4221 1172 4284; x_wconf 86' lang='lat' dir='ltr'>sententiaeque</span> <span class='ocrx_word' id='word_1_323' title='bbox 1187 4224 1265 4274; x_wconf 85' lang='lat' dir='ltr'>detri-</span> 
     </span>
     <span class='ocr_line' id='line_1_41' title="bbox 52 4305 1264 4370; baseline -0.002 -10"><span class='ocrx_word' id='word_1_324' title='bbox 52 4309 156 4361; x_wconf 85' lang='lat' dir='ltr'>mento’</span> <span class='ocrx_word' id='word_1_325' title='bbox 169 4323 229 4370; x_wconf 85' lang='lat' dir='ltr'>says</span> <span class='ocrx_word' id='word_1_326' title='bbox 240 4307 343 4369; x_wconf 82' lang='lat' dir='ltr'>Madvig</span> <span class='ocrx_word' id='word_1_327' title='bbox 355 4306 455 4356; x_wconf 90' lang='lat' dir='ltr'>emend.</span> <span class='ocrx_word' id='word_1_328' title='bbox 467 4305 524 4356; x_wconf 85' lang='lat' dir='ltr'>Liv.</span> <span class='ocrx_word' id='word_1_329' title='bbox 536 4321 561 4369; x_wconf 88' lang='lat' dir='ltr'>p.</span> <span class='ocrx_word' id='word_1_330' title='bbox 575 4308 632 4356; x_wconf 88' lang='grc'><strong>123.</strong></span> <span class='ocrx_word' id='word_1_331' title='bbox 754 4307 802 4358; x_wconf 91' lang='grc'>727</span> <span class='ocrx_word' id='word_1_332' title='bbox 813 4307 972 4369; x_wconf 74' lang='lat' dir='ltr'>Babylonico</span> <span class='ocrx_word' id='word_1_333' title='bbox 983 4306 1051 4355; x_wconf 84' lang='lat' dir='ltr'>Flor.</span> <span class='ocrx_word' id='word_1_334' title='bbox 1065 4307 1095 4354; x_wconf 84' lang='grc'>31</span> <span class='ocrx_word' id='word_1_335' title='bbox 1108 4305 1185 4356; x_wconf 85' lang='lat' dir='ltr'>Pont.</span> <span class='ocrx_word' id='word_1_336' title='bbox 1198 4307 1264 4357; x_wconf 89' lang='lat' dir='ltr'>Mar.</span> 
     </span>
     <span class='ocr_line' id='line_1_42' title="bbox 53 4387 1265 4456; baseline -0.002 -14"><span class='ocrx_word' id='word_1_337' title='bbox 53 4392 96 4443; x_wconf 79' lang='lat' dir='ltr'>ior</span> <span class='ocrx_word' id='word_1_338' title='bbox 112 4391 277 4456; x_wconf 69' lang='lat' dir='ltr'>Babyloniae.</span> <span class='ocrx_word' id='word_1_339' title='bbox 312 4391 468 4440; x_wconf 80' lang='lat' dir='ltr'>Chaldaeum</span> <span class='ocrx_word' id='word_1_340' title='bbox 478 4389 576 4439; x_wconf 79' lang='lat' dir='ltr'>Avano.</span> <span class='ocrx_word' id='word_1_341' title='bbox 595 4390 732 4439; x_wconf 72' lang='lat' dir='ltr'>chaldeam</span> <span class='ocrx_word' id='word_1_342' title='bbox 748 4388 801 4438; x_wconf 79' lang='lat' dir='ltr'>AB.</span> <span class='ocrx_word' id='word_1_343' title='bbox 837 4388 974 4436; x_wconf 79' lang='lat' dir='ltr'>Gbutdeam</span> <span class='ocrx_word' id='word_1_344' title='bbox 990 4387 1013 4436; x_wconf 85' lang='lat' dir='ltr'>A</span> <span class='ocrx_word' id='word_1_345' title='bbox 1029 4401 1093 4436; x_wconf 86' lang='lat' dir='ltr'>corr.</span> <span class='ocrx_word' id='word_1_346' title='bbox 1111 4387 1180 4438; x_wconf 84' lang='lat' dir='ltr'>Nice.</span> <span class='ocrx_word' id='word_1_347' title='bbox 1197 4389 1265 4441; x_wconf 83' lang='lat' dir='ltr'>Flor.</span> 
     </span>
    </p>
   </div>
   <div class='ocr_carea' id='block_1_6' title="bbox 143 4491 1178 4556">
    <p class='ocr_par' dir='ltr' id='par_1_10' title="bbox 143 4491 1178 4556">
     <span class='ocr_line' id='line_1_43' title="bbox 143 4491 1178 4556; baseline -0.005 0"><span class='ocrx_word' id='word_1_348' title='bbox 143 4507 178 4556; x_wconf 67' lang='lat' dir='ltr'>M,</span> <span class='ocrx_word' id='word_1_349' title='bbox 626 4532 628 4537; x_wconf 83' lang='lat'><em>.</em></span> <span class='ocrx_word' id='word_1_350' title='bbox 1139 4491 1178 4552; x_wconf 88' lang='grc'>15</span> 
     </span>
    </p>
   </div>
   <div class='ocr_carea' id='block_1_7' title="bbox 0 0 1432 4860">
    <p class='ocr_par' dir='ltr' id='par_1_11' title="bbox 0 0 1432 4860">
     <span class='ocr_line' id='line_1_44' title="bbox 0 0 1432 4860; baseline 0 0"><span class='ocrx_word' id='word_1_351' title='bbox 0 0 1432 4860; x_wconf 95' lang='lat' dir='ltr'> </span> 
     </span>
    </p>
   </div>
  </div>
 </body>
</html>
