2842 4860
723 252 772 317 IV

229 413 462 498 habrotonique
484 435 598 500 graves
620 422 654 483 et
677 412 784 476 tristia
808 419 990 488 centaurea,

229 540 366 604 quorum
388 539 490 580 unum
513 515 642 601 quidvis
664 516 780 580 leviter
800 514 829 580 si
851 517 933 580 sorte
956 515 1083 580 duobus

665 641 685 680 s

229 723 308 808 quin
330 722 439 809 potius
460 745 571 786 noscas
593 744 701 786 rerum
723 721 894 785 simulacra
915 721 1026 808 vagari

229 829 334 892 multa
355 827 459 891 modis
480 827 593 891 multis
615 827 705 891 nulla
727 826 760 890 vi
782 849 932 911 cassaque
955 830 1074 890 sensui

276 931 355 1016 [Sed
376 954 417 996 ne
440 933 521 995 forte
544 939 641 1015 putes
663 953 709 994 ea
723 930 855 995 demum
878 931 945 994 sola
966 930 1087 1017 vagari,

231 1057 452 1121 quaecumque
474 1035 515 1098 ab
537 1034 633 1097 rebus
655 1057 762 1097 rerum
785 1033 956 1098 simulacra
976 1034 1142 1109 recedunt,

230 1149 307 1205 sunt
329 1140 429 1204 etiam
452 1162 534 1225 quae
557 1147 671 1225 sponte
694 1160 752 1202 sua
773 1138 954 1224 gignuntur
975 1146 1010 1202 11
1031 1138 1103 1223 ipsa
1145 1213 1148 1217 ,

231 1243 473 1309 constituuntur
495 1242 529 1305 in
551 1242 611 1306 hoc
633 1243 721 1306 caelo
743 1241 800 1327 qui
822 1241 941 1305 dicitur
962 1264 1024 1319 aer,

149 1364 206 1430 135
232 1370 314 1433 quae
337 1346 450 1410 multis
472 1347 609 1409 formata
630 1345 734 1408 modis
755 1344 892 1436 sublime
915 1345 1065 1408 seruntur

150 1471 206 1532 141
232 1474 292 1515 nec
311 1450 454 1536 speciem
476 1458 603 1513 mutare
625 1470 717 1512 suam
740 1448 900 1534 liquentia
920 1456 1046 1513 cessant

233 1564 267 1620 et
290 1554 444 1638 cuiusque
466 1552 554 1616 modi
576 1553 750 1616 formarum
773 1559 897 1616 vertere
919 1552 955 1616 in
977 1574 1064 1629 oras;

152 1678 210 1741 133
233 1668 272 1723 ut
294 1659 397 1722 nubes
419 1657 512 1721 facile
534 1657 699 1720 interdum
722 1679 920 1720 concrescere
943 1657 977 1719 in
1000 1657 1068 1719 alto

234 1762 395 1827 cernimus
417 1770 450 1824 et
473 1759 587 1823 mundi
609 1759 749 1844 speciem
771 1758 891 1823 violare
913 1782 1058 1824 serenam

153 1871 213 1948 136
235 1888 310 1930 aera
331 1865 511 1928 mulcentes
532 1872 632 1928 motu.
678 1887 753 1928 nam
776 1887 871 1949 saepe
895 1865 1074 1951 Gigantum

143 2037 146 2042 ,
235 1992 290 2032 ora
311 1968 417 2032 volare
439 1967 592 2031 videntur
614 1975 648 2030 et
670 1967 818 2030 umbram
842 1968 957 2031 ducere
980 1969 1054 2044 late,

234 2072 399 2136 interdum
421 2070 532 2157 magni
554 2079 680 2134 montes
702 2070 872 2155 avolsaque
895 2093 972 2135 saxa
1008 2098 1011 2104 ·

234 2174 400 2239 montibus
421 2173 545 2237 anteire
568 2183 602 2237 et
625 2174 723 2237 solem
747 2174 916 2237 succedere
938 2181 1075 2258 praeter,

154 2299 215 2361 140
236 2280 311 2343 inde
333 2278 413 2342 alios
434 2279 562 2342 trahere
585 2286 683 2363 atque
706 2278 857 2343 inducere
879 2279 976 2343 belua
998 2277 1145 2361 nimbos]

154 2403 212 2467 143
280 2383 378 2447 Nunc
400 2404 439 2446 ea
461 2404 558 2466 quarn
582 2382 667 2447 facili
690 2390 724 2445 et
746 2382 842 2446 celeri
864 2382 987 2447 ratione
1009 2393 1173 2469 genantur

237 2492 456 2570 perpetuoque
479 2484 582 2547 fluant
604 2485 646 2548 ab
669 2484 764 2548 rebus
786 2485 937 2570 lapsaque
960 2486 1077 2549 cedant

178 2707 180 2710 ⁴
238 2718 365 2780 semper
386 2695 474 2758 enirn
496 2717 660 2758 summum
683 2694 837 2779 quicquid
859 2694 899 2758 de
921 2695 1018 2759 rebus
1040 2693 1185 2758 abundat
1305 2707 1363 2776 145

239 2797 325 2882 quod
346 2798 534 2861 iaculentur.
580 2805 614 2861 11
636 2798 696 2860 hoc
718 2796 798 2860 alias
819 2821 893 2860 cum
915 2797 1063 2883 pervenit
1085 2797 1119 2860 in
1141 2818 1201 2873 111,

240 2892 372 2977 11111111,Δ
387 2909 425 2963 11
447 2899 482 2963 in
504 2899 617 2985 primis
638 2900 767 2963 vitrum.
813 2900 870 2964 sed
891 2899 949 2963 ubi
971 2923 1084 2986 aspera
1105 2922 1182 2964 saxa

239 3013 298 3068 aut
320 3003 355 3067 in
376 3004 546 3068 materiam
569 3004 650 3090 ligni
671 3005 828 3090 pervenit,
851 3005 897 3068 ibi
919 3005 984 3068 iam

241 3107 398 3171 scinditur
419 3116 457 3170 ut
479 3107 605 3170 nullum
628 3108 834 3171 simulacrum
858 3108 990 3172 reddere
1014 3107 1121 3193 possit.

241 3217 276 3272 at
299 3230 372 3273 curn
395 3209 563 3294 splendida
585 3232 667 3294 quae
689 3218 838 3274 constant
860 3221 995 3296 opposta
1016 3212 1148 3274 fuerunt
1309 3228 1370 3294 150

243 3313 414 3399 densaque,
436 3323 474 3377 ut
497 3314 531 3376 in
554 3314 665 3398 primis
688 3316 854 3399 speculum
877 3324 935 3392 est,
957 3316 1004 3379 nil
1026 3316 1143 3380 accidit
1165 3317 1300 3396 horum;

158 3563 256 3613 Probus
276 3564 304 3613 1ο
321 3563 368 3612 111.
385 3578 412 3614 vr
427 3565 458 3613 31
476 3576 518 3612 111
533 3563 692 3626 ambiguous.
805 3566 1090 3629 129—142‚strangely
1108 3566 1261 3628 transposed
1279 3567 1308 3616 in
1323 3567 1369 3618 the

158 3661 220 3696 mss.
240 3659 269 3695 11
284 3660 345 3708 may
361 3645 392 3695 be
407 3661 468 3694 seen
481 3645 515 3709 by
526 3661 574 3694 our
584 3645 716 3695 left-hand
727 3647 891 3709 numbering,
905 3662 970 3695 were
982 3647 1039 3697 first
1050 3647 1162 3709 brought
1174 3647 1232 3697 into
1245 3649 1321 3698 order
1333 3650 1368 3712 by

159 3728 204 3776 the
219 3729 355 3776 acuteness
370 3727 399 3775 oi
413 3726 521 3775 hamb:
543 3741 585 3776 111
600 3729 679 3778 above
699 3743 723 3790 p.
747 3730 779 3776 30
798 3728 838 3776 101
857 3743 873 3778 a
888 3728 1000 3790 possible
1013 3729 1181 3791 explanation
1198 3730 1226 3778 of
1244 3730 1299 3779 this
1319 3732 1371 3781 dis·

158 3807 239 3857 order.
339 3807 387 3855 138
403 3815 480 3856 motu.
497 3823 564 3859 nom.
598 3816 689 3857 motum
706 3812 735 3857 ia
751 3809 822 3860 Nico.
842 3809 887 3858 the
902 3824 978 3858 cause
990 3811 1019 3859 01
1028 3814 1100 3871 great
1112 3810 1289 3860 coniusionin
1303 3814 1371 3863 later

159 3905 222 3939 mss.
234 3889 287 3939 and
298 3889 351 3939 eds.
365 3889 449 3939 before
461 3890 526 3939 Mar.
539 3891 554 3939 J
557 3895 613 3940 unt.
625 3892 677 3941 and
688 3893 780 3942 Lamb.
880 3894 927 3943 143
938 3902 1064 3955 genantur
1076 3894 1168 3943 Lamb.
1180 3895 1222 3943 101
1232 3905 1370 3956 gerantur:

159 3988 176 4022 a
187 3986 322 4033 necessary
333 3971 432 4032 change
442 3971 512 4031 here,
525 3972 626 4034 though
636 3972 670 4022 he
681 3973 753 4023 often
764 3973 913 4023 introduces
924 3974 970 4024 the
982 3975 1052 4024 word
1063 3975 1174 4024 without
1186 3990 1271 4025 cause.

192 4057 266 4106 Alter
281 4055 328 4103 144
343 4069 359 4103 1
371 4069 442 4103 verse
456 4054 506 4103 has
517 4055 667 4117 manifestly
675 4055 739 4104 been
748 4056 814 4104 lost:
831 4055 853 4104 it
862 4055 885 4104 is
897 4057 1000 4104 curicus
1009 4056 1067 4106 that
1075 4057 1202 4106 Marullus
1213 4057 1266 4107 and
1276 4058 1373 4111 Lamb.

161 4135 255 4186 should
270 4134 336 4183 have
352 4133 502 4183 overlooked
517 4133 579 4183 this.
615 4134 699 4183 ‘deest
715 4136 821 4198 Percipe
838 4136 878 4185 vel
888 4138 1041 4198 Expediam,
1053 4140 1110 4186 tum
1125 4137 1237 4199 paucula
1249 4139 1375 4200 aquibus

160 4216 226 4268 illud
235 4219 303 4268 enim
313 4215 383 4279 quod
394 4215 519 4265 subicitur
527 4216 650 4278 pendeat’
662 4216 742 4266 Lach.
809 4218 856 4270 147
864 4218 916 4268 and
925 4219 973 4267 152
980 4221 1074 4268 vitrum
1083 4218 1258 4281 Oppenrieder
1268 4220 1311 4270 101
1320 4237 1376 4272 uer·

162 4309 223 4352 tem:
241 4315 257 4350 a
268 4314 404 4362 necessary
412 4301 554 4349 correction
566 4299 650 4349 which
658 4300 679 4349 it
691 4300 714 4351 is
725 4304 830 4362 strange
841 4301 941 4351 neither
952 4302 1045 4351 Lamb.
1055 4318 1103 4351 nor
1113 4301 1194 4352 Lach.
1204 4301 1299 4353 should
1307 4303 1376 4356 have

161 4384 252 4434 made:
269 4381 359 4432 Lcmb.
373 4381 465 4432 indeed
480 4397 534 4433 sees
550 4382 595 4432 the
610 4381 737 4445 difficulty
752 4382 873 4434 involved
886 4383 915 4432 in
930 4392 1027 4446 vestem,
1042 4384 1376 4452 111111101111011111111.
