2842 4860
612 254 667 317 III

123 425 161 480 ut
184 415 339 500 quiddam
362 415 431 483 fieri
452 415 602 480 videatur
624 415 665 481 ab
688 415 837 480 omnibus
860 438 972 493 unum,

123 520 158 583 ni
180 521 265 584 calor
287 541 324 584 ac
347 528 462 584 ventus
485 541 627 584 seorsum
650 541 858 605 seorsumque
880 529 1022 606 potestas

122 622 204 686 aeris
227 624 423 688 interemant
445 645 577 687 sensum
598 622 795 708 diductaque
818 623 953 690 solvant.

123 734 172 790 est
194 725 316 790 etenim
338 726 423 791 calor
445 726 500 791 ille
522 726 641 803 animo,
666 749 763 811 quem
786 728 894 805 sumit,
917 728 952 791 in
975 728 1023 792 ira

124 850 198 892 cum
220 830 368 893 fervescit
391 839 425 894 et
447 853 487 894 ex
509 830 608 895 oculis
632 830 730 895 micat
752 832 879 895 acribus
901 832 1012 911 ardor;

124 941 173 997 est
194 940 229 997 et
250 933 368 1019 frigida
390 935 496 998 multa
517 957 622 999 comes
645 935 824 999 formidinis
847 959 926 1000 aura

124 1058 206 1121 quae
228 1037 292 1101 ciet
314 1037 476 1103 horrorem
499 1038 653 1102 membris
676 1049 709 1102 et
732 1039 873 1103 concitat
894 1048 1003 1118 artus;

124 1149 173 1204 est
195 1141 295 1205 etiam
317 1163 445 1226 quoque
468 1141 574 1227 pacati
597 1148 701 1206 status
723 1143 806 1207 aeris
827 1142 892 1217 ille,

124 1253 252 1329 pectore
274 1245 453 1330 tranquillo
472 1245 510 1310 fit
533 1246 590 1330 qui
611 1246 768 1331 voltuque
790 1269 910 1312 sereno.

124 1349 180 1412 sed
203 1349 299 1413 calidi
321 1350 394 1433 plus
417 1357 466 1414 est
487 1348 551 1413 illis
574 1350 692 1435 quibus
714 1351 800 1415 acria
821 1352 917 1416 corda

124 1452 340 1538 iracundaque
362 1476 453 1518 mens
475 1454 568 1518 facile
590 1454 770 1520 effervescit
791 1455 826 1518 in
848 1456 904 1520 ira.

124 1578 187 1640 quo
209 1579 326 1640 genere
348 1557 381 1619 in
405 1557 518 1641 primis
540 1557 588 1622 vis
611 1566 662 1622 est
682 1556 826 1622 violenta
848 1558 989 1636 leonum,

124 1669 254 1744 pectora
276 1661 332 1746 qui
354 1661 486 1725 fremitu
508 1670 666 1746 rumpunt
687 1662 878 1748 plerumque
900 1673 1068 1748 gementes

125 1787 183 1828 nec
206 1787 320 1850 capere
342 1765 464 1830 irarum
486 1766 603 1830 fluctus
625 1766 660 1830 in
682 1775 811 1851 pectore
833 1775 976 1851 possunt.

123 1879 158 1932 at
180 1879 314 1934 ventosa
335 1870 439 1954 magis
461 1892 628 1935 cervorum
649 1871 768 1956 frigida
789 1892 882 1936 mens
905 1881 954 1935 est

40 1998 45 2008 ·’
124 1982 157 2036 et
174 1973 298 2056 gelidas
320 1973 416 2038 citius
437 1996 495 2058 per
517 1973 639 2038 viscera
661 1973 801 2037 concitat
824 1995 918 2037 auras

124 2100 206 2161 quae
229 2078 406 2142 tremulum
428 2079 552 2143 faciunt
574 2080 728 2143 membris
749 2079 887 2142 existere
908 2086 1043 2144 motum.

124 2189 158 2244 at
181 2189 299 2246 natura
321 2182 419 2246 boum
442 2182 567 2266 placido
589 2182 693 2266 magis
715 2204 788 2246 aere
811 2181 902 2258 vivit,

123 2306 183 2349 nec
205 2284 303 2349 nimis
324 2284 385 2348 irai
406 2286 461 2348 fax
482 2307 639 2370 umquam
662 2285 793 2350 subdita
815 2285 919 2369 percit

123 2388 257 2461 fumida,
282 2388 472 2452 suffundens
494 2411 605 2452 caecae
628 2388 774 2472 caliginis
797 2389 920 2463 umbra,

124 2512 184 2554 nec
205 2490 321 2575 gelidis
343 2498 450 2574 torpet
472 2491 546 2554 telis
568 2490 691 2576 perfixa
710 2489 855 2575 pavoris:

124 2595 210 2659 inter
232 2605 385 2679 utrosque
405 2596 507 2672 sitast,
529 2618 637 2660 cervos
659 2617 833 2680 saevosque
854 2595 971 2660 leones

124 2699 169 2763 sic
191 2700 360 2764 hominum
382 2723 485 2785 genus
507 2711 565 2764 cst.
609 2700 757 2786 quamvis
781 2700 927 2765 doctrina
949 2701 1066 2787 politos

124 2806 300 2870 constituat
319 2805 442 2890 pariter
464 2804 629 2890 quosdam,
653 2811 763 2871 tamen
785 2803 843 2867 illa
860 2804 1015 2889 relinquit

125 2919 260 2974 naturae
284 2910 440 2995 cuiusque
459 2909 560 2973 animi
582 2908 721 2992 vestigia
744 2908 857 2993 prima

124 3037 182 3078 nec
205 3013 359 3078 radicitus
381 3012 476 3078 evelli
499 3013 585 3076 mala
606 3034 698 3097 posse
719 3013 941 3096 putandumst,

124 3118 204 3202 quin
226 3117 397 3202 proclivius
419 3117 471 3180 hic
494 3116 556 3180 iras
578 3116 727 3180 decurrat
749 3115 789 3178 ad
812 3116 902 3192 acris,

72 3210 73 3215 ἵ
125 3221 178 3286 ille
202 3231 292 3286 metu
315 3220 411 3285 citius
433 3220 530 3305 paulo
552 3227 741 3305 temptetur,
765 3227 800 3283 at
822 3220 878 3283 ille

122 3327 239 3390 tertius
261 3325 398 3410 accipiat
419 3325 581 3410 quaedam
603 3325 796 3389 clementius
818 3345 931 3408 aequo.

125 3430 223 3514 inque
245 3430 318 3494 aliis
340 3430 436 3493 rebus
457 3429 570 3493 multis
592 3429 720 3492 differre
743 3437 903 3492 necessest

37 3589 52 3623 a
72 3587 207 3634 necessary
228 3571 336 3633 change.
369 3571 449 3621 Lach.
475 3571 573 3634 rightly
596 3572 695 3621 follows
718 3570 805 3619 Bentl.
827 3569 856 3618 in
879 3567 980 3631 joining
999 3569 1027 3616 in
1043 3569 1086 3616 ira
1101 3565 1165 3616 with
1184 3569 1246 3616 Oura

30 3657 161 3717 fervescit.
259 3655 308 3704 289
331 3655 431 3702 acribus
447 3653 539 3702 Lamb.
556 3651 594 3702 ed.
616 3651 700 3701 hand
717 3654 732 3700 3
749 3651 790 3699 for
806 3652 899 3699 cartas.
987 3650 1036 3699 290
1052 3655 1082 3698 ct.
1117 3665 1147 3697 ca
1164 3648 1245 3698 Lach.

36 3737 179 3785 intolerant
190 3736 219 3784 of
228 3743 252 3784 et
263 3736 304 3784 for
315 3738 399 3784 ctiam.
502 3738 550 3787 293
559 3737 594 3798 fit
607 3737 660 3796 qui.
694 3737 738 3797 qai
749 3736 784 3797 fit
796 3734 861 3782 Mar.
873 3731 931 3782 Ala.
945 3733 958 3780 1
969 3731 1044 3781 tuns.
1057 3731 1133 3794 vulgo
1148 3731 1244 3782 Lech:

36 3819 83 3868 but
100 3834 141 3867 see
158 3821 232 3867 notes
250 3820 273 3866 2.
361 3820 409 3869 298
426 3818 449 3867 is
465 3818 554 3880 placed
570 3819 604 3881 by
620 3817 701 3866 Lach.
719 3818 804 3866 before
820 3818 868 3867 296
885 3815 996 3865 without
1013 3828 1097 3863 cause.
1196 3814 1244 3861 303

35 3903 111 3950 nimis
123 3901 192 3951 Flor.
204 3902 235 3950 31
248 3901 337 3950 (lamb.
350 3900 409 3950 vat.
424 3903 487 3952 1954
499 3901 592 3951 Othob.
604 3901 668 3950 Mar.
684 3900 825 3949 formicas.
922 3897 970 3947 304
981 3896 1091 3944 Fumida
1102 3895 1246 3956 suffundens

36 3982 103 4031 Flor.
122 3983 154 4030 31
170 3983 259 4032 Camb.
275 3998 340 4031 corr.
357 3983 397 4032 for
413 3984 535 4031 Fumidas
552 3983 688 4045 effundens.
734 3980 820 4029 ambra
836 3980 868 4028 B.
901 3979 1013 4027 ambram
1032 3977 1054 4025 A
1071 3975 1142 4024 Nico.
1155 3975 1245 4025 Osmb.

35 4064 120 4113 which
142 4079 203 4127 may
219 4065 250 4114 he
266 4064 347 4126 right:
374 4080 456 4128 comp.
477 4066 561 4115 Plaut
579 4065 634 4115 rud.
653 4066 701 4114 588
719 4065 799 4126 Quasi
816 4065 885 4111 vinis
904 4062 1008 4110 Graecis
1025 4061 1157 4120 Neptunus
1174 4058 1245 4105 uobis

34 4150 141 4210 suffudit
152 4162 230 4197 marc.
311 4148 359 4196 305
375 4151 479 4210 pauoris
490 4149 556 4197 Mar.
574 4146 632 4197 Ald.
645 4148 659 4195 1
676 4146 752 4196 lunt.
765 4146 805 4194 sor
815 4146 925 4207 sapora.
1011 4142 1060 4190 300
1076 4141 1148 4189 Inter
1163 4147 1244 4188 utros-

35 4247 81 4293 que
93 4233 170 4280 sitast
180 4232 277 4281 Arane.
291 4230 353 4296 (sita
368 4240 405 4280 est
419 4231 484 4280 Mar.
496 4231 581 4295 lunt.)
594 4231 635 4279 for
651 4231 723 4278 Inter
738 4236 857 4290 utrasque
871 4229 943 4274 sitas.
976 4227 1040 4273 sitas
1057 4223 1085 4272 oi
1100 4235 1163 4270 mss.
1174 4224 1246 4269 must

34 4314 64 4364 bs
81 4316 169 4363 sitast:
189 4314 232 4363 the
247 4315 328 4363 scribe
345 4314 393 4362 has
410 4315 473 4364 then
489 4313 600 4377 adapted
614 4321 733 4374 utrasque
749 4315 777 4360 to
788 4313 859 4359 sitas.
893 4311 1070 4367 Intarattraque
1082 4318 1151 4353 secus
1162 4301 1243 4352 Lach.

34 4398 213 4459 Interutraque
224 4405 292 4447 secat
303 4398 379 4447 Bern.
449 4399 496 4447 309
514 4399 630 4446 Naturae
644 4396 708 4445 Mar.
721 4395 795 4443 sunt.
808 4394 848 4442 for
859 4394 970 4441 Natura.
1037 4390 1085 4438 317
1101 4393 1168 4449 quot.
1181 4387 1247 4448 quod

1073 4488 1158 4550 9-2
