2842 4860
161 257 221 304 112
352 316 354 319 Ι
744 238 780 301 ΙΙ

244 411 278 467 et
301 402 393 488 quasi
416 403 480 467 iam
503 403 561 467 leti
584 401 807 466 dominantem
830 401 865 464 in
887 422 1017 485 corpore
1040 408 1166 464 motum

245 504 405 569 discutere
427 527 464 569 ac
486 526 589 590 paene
612 503 744 568 amissos
766 503 939 568 accendere
963 525 1083 567 sensus,

244 631 320 672 narn
343 631 407 693 qua
428 631 464 673 re
485 607 595 694 potius
617 608 676 673 leti
698 608 763 672 iam
786 608 900 672 limine
923 608 964 672 ab
988 608 1058 693 ipso
1300 609 1368 690 960

244 711 285 775 ad
307 711 408 776 vitam
431 712 532 797 possit
554 712 698 776 conlecta
720 719 830 775 mente
851 711 978 787 reverti,

245 836 343 898 quam
365 836 429 898 quo
452 813 623 878 decursum
644 836 744 898 prope
767 814 833 877 iam
856 814 917 878 siet
939 814 986 878 ire
1008 822 1042 878 et
1064 814 1177 881 abiret

287 919 461 984 Praeterea
483 919 636 1004 quoniam
660 918 749 982 dolor
771 927 821 982 est
843 918 900 982 ubi
922 917 1070 982 materiai

246 1045 377 1108 corpora
398 1023 431 1086 vi
453 1021 594 1108 quadam
617 1044 675 1106 per
696 1021 818 1084 viscera
839 1021 913 1084 viva
934 1043 993 1105 per
1015 1030 1104 1085 artus

246 1126 418 1190 sollicitata
440 1126 506 1190 suis
528 1125 696 1211 trepidant
717 1125 752 1189 in
773 1125 905 1189 sedibus
927 1125 1023 1202 intus,
1301 1128 1364 1209 965

247 1229 345 1314 inque
367 1228 473 1291 locum
496 1228 624 1313 quando
646 1227 833 1312 remigrant,
855 1226 893 1291 fit
915 1227 1036 1292 blanda
1056 1227 1213 1314 voluptas,

247 1333 326 1396 scire
347 1331 425 1396 licet
447 1331 535 1395 nullo
557 1331 732 1416 primordia
753 1353 845 1415 posse
867 1330 974 1395 dolore

247 1437 403 1522 temptari
424 1436 612 1523 nullamque
634 1437 837 1521 voluptatem
859 1457 973 1520 capere
996 1457 1036 1499 ex
1058 1458 1108 1515 se;

246 1539 508 1627 quandoquidem
530 1563 594 1604 non
617 1547 695 1603 sunt
716 1561 757 1602 ex
779 1538 854 1603 ullis
873 1538 1104 1624 principiorum

247 1645 439 1731 corporibus,
461 1666 598 1729 quorum
621 1651 728 1707 motus
751 1642 896 1706 novitate
918 1641 1066 1706 laborent
1299 1663 1367 1729 970

247 1756 305 1812 aut
327 1747 468 1833 aliquem
492 1747 634 1810 fructum
657 1745 787 1829 capiant
810 1744 989 1808 dulcedinis
1011 1746 1125 1823 almae,

247 1852 329 1915 haut
351 1851 452 1936 igitur
474 1851 596 1916 debent
619 1872 687 1915 esse
710 1849 776 1913 ullo
798 1849 946 1934 praedita
968 1872 1072 1914 sensu.

290 1954 441 2039 Denique
463 1953 514 2018 uti
537 1953 661 2039 possint
684 1951 803 2016 sentire
826 1952 980 2016 animalia
1001 1974 1158 2039 quaeque,

248 2057 414 2143 principiis
436 2056 463 2120 si
486 2056 551 2120 iam
574 2064 624 2120 est
646 2077 758 2119 sensus
780 2054 972 2119 tribuendus
996 2076 1116 2130 eorum,

248 2160 335 2246 quid,
351 2182 453 2244 genus
469 2159 650 2223 humanum
663 2157 835 2243 propritim
850 2157 891 2222 de
906 2157 1016 2242 quibu’
1031 2158 1208 2224 factumst?
1300 2179 1363 2246 975

248 2265 369 2329 scilicet
392 2272 425 2329 et
447 2264 513 2328 risu
535 2263 675 2328 tremulo
697 2285 849 2327 concussa
869 2262 1064 2327 cachinnant

248 2379 282 2434 et
304 2369 444 2434 lacrimis
467 2376 624 2454 spargunt
646 2367 829 2432 rorantibus
851 2389 906 2431 ora
927 2390 1090 2453 genasque

249 2474 415 2559 multaque
437 2473 478 2536 de
500 2495 607 2536 rerum
629 2472 772 2535 mixtura
794 2471 899 2535 dicere
922 2471 1042 2535 callent

248 2586 283 2643 et
305 2577 368 2642 sibi
389 2598 541 2662 proporro
563 2597 646 2660 quae
668 2575 734 2638 sint
756 2574 933 2659 primordia
954 2583 1134 2659 quaerunt;

249 2680 510 2767 quandoquidem
532 2679 610 2744 totis
632 2678 821 2744 mortalibus
843 2679 1037 2743 adsimulata
1299 2688 1367 2767 980

162 2892 258 2940 savias.
292 2891 374 2939 eiecit.
408 2891 468 2938 eicit
479 2888 550 2941 Nica.
564 2890 632 2941 Flor.
647 2892 678 2938 31
691 2890 781 2940 (lamb.
883 2891 932 2941 954
943 2879 1026 2941 obtato
1038 2891 1080 2941 old
1090 2892 1143 2944 eds.
1157 2893 1197 2942 for
1208 2893 1301 2944 oblate.

196 2974 243 3025 961
255 2975 364 3022 conlecta
375 2973 466 3023 lamb.
480 2973 538 3021 first
553 2972 593 3021 ior
607 2975 719 3022 amiects
730 2972 815 3021 which
829 2972 902 3024 Wak.
918 2973 1040 3036 absurdly
1054 2975 1159 3026 retains.
1191 2978 1273 3038 possit
1286 2977 1368 3027 Lech.

163 3056 203 3105 lor
209 3058 322 3118 possint:
339 3071 369 3105 as
384 3056 429 3105 the
444 3056 503 3105 verb
518 3059 615 3105 cannot
630 3057 695 3105 refer
711 3059 739 3104 to
753 3071 837 3105 sensns
849 3070 878 3104 or
889 3055 1018 3118 anything
1028 3056 1075 3105 but
1087 3059 1199 3119 quamvis
1214 3060 1369 3110 animantem

163 3137 192 3186 in
204 3138 259 3188 944.
371 3138 419 3188 963
434 3139 580 3187 Praeterea.
592 3145 727 3200 propterea
738 3137 818 3186 Lach.
829 3138 987 3200 perversely:
1008 3152 1050 3187 see
1060 3142 1135 3188 notes
1145 3141 1160 3187 2
1170 3154 1177 3188 ι
1199 3155 1215 3189 a
1226 3155 1283 3191 new
1294 3157 1369 3206 para-

163 3219 244 3284 graph
261 3219 350 3282 begins
367 3219 436 3269 here.
551 3222 599 3272 975
619 3222 649 3269 de
669 3220 754 3283 qaibn'
768 3221 892 3282 sustentet
908 3219 1000 3269 Lamb.
1016 3220 1057 3269 for
1075 3222 1105 3269 de
1123 3223 1214 3283 quibas
1232 3231 1366 3287 coctumst,

164 3300 216 3352 and
230 3303 279 3353 986
293 3318 342 3352 non
356 3319 386 3352 ea
400 3301 537 3351 ridentibn’
547 3304 635 3364 sactae
651 3302 691 3351 for
705 3317 755 3351 non
771 3317 802 3350 en
817 3302 957 3350 ridentibus
972 3309 1069 3351 nactus.
1101 3302 1202 3351 Nonius
1214 3319 1240 3366 p.
1255 3306 1303 3354 511
1319 3306 1369 3357 has

164 3384 298 3446 dequibus
314 3391 393 3432 nctus.
426 3383 517 3434 Lamb.
537 3382 577 3432 ed.
595 3385 610 3431 3
627 3382 692 3431 adds
709 3385 777 3432 most
794 3383 864 3444 truly
881 3383 1014 3431 ‘Primum
1032 3383 1125 3432 Latine
1142 3383 1193 3432 diei
1209 3399 1264 3433 non
1283 3391 1369 3449 potest

163 3471 252 3513 artatae
263 3465 294 3513 de
304 3479 331 3512 re
342 3467 388 3513 aut
399 3480 430 3513 ee
440 3480 467 3512 re
479 3465 576 3526 aliqua,
592 3463 636 3512 sed
647 3471 737 3512 anctus
747 3479 774 3512 re
789 3464 879 3525 alique
891 3463 1025 3525 [speaking
1039 3463 1068 3512 of
1083 3479 1172 3513 course
1184 3466 1212 3514 ol
1227 3466 1272 3516 the
1283 3473 1369 3519 atcms

163 3544 193 3594 of
207 3544 292 3594 which
310 3545 461 3606 othingis
478 3545 566 3594 made:
592 3561 608 3593 v
625 3547 673 3594 322
689 3547 858 3609 quodcumqae
876 3548 943 3594 altas
961 3562 990 3595 en
1007 3562 1032 3596 se
1049 3563 1087 3596 res
1104 3555 1179 3609 auget
1195 3551 1300 3612 alitque,
1316 3553 1370 3602 and

164 3627 209 3676 the
219 3626 271 3675 like
282 3626 347 3676 have
358 3626 469 3689 nothing
480 3630 507 3676 to
519 3626 552 3675 do
564 3626 627 3675 with
638 3627 682 3676 the
694 3627 832 3690 question].
868 3642 930 3676 nam
945 3635 1033 3678 anctus
1048 3643 1138 3677 casum
1155 3629 1296 3691 septimum
1311 3633 1369 3684 sine

163 3707 353 3772 praepositione
371 3709 494 3769 postulat.
531 3707 621 3757 deinde
638 3707 709 3756 eliud
724 3710 764 3757 est
783 3716 871 3757 anctus
888 3724 915 3757 re
932 3711 1030 3771 aliqua,
1047 3709 1118 3758 aliud
1129 3711 1216 3772 factus
1234 3713 1264 3761 de
1280 3729 1307 3763 re
1323 3720 1369 3765 aut

164 3806 194 3840 en
204 3806 230 3840 re
241 3791 338 3851 aliqua.
371 3788 421 3837 hoc
433 3789 478 3850 qui
489 3788 580 3849 nescit,
595 3789 708 3838 fateatur
722 3803 749 3838 se
765 3787 896 3852 hospitem
912 3804 968 3839 esse
982 3790 1010 3838 in
1025 3791 1114 3852 lingua
1128 3792 1249 3845 Latina’:
1266 3794 1321 3844 this
1336 3798 1370 3848 he

164 3870 296 3922 doubtless
313 3870 435 3920 intended
454 3873 494 3921 for
514 3871 644 3920 Gitanius.
676 3871 751 3920 Wsk.
769 3887 841 3921 more
861 3872 966 3921 learless
989 3872 1055 3922 than
1075 3873 1119 3922 the
1136 3874 1225 3935 angele
1244 3875 1322 3939 keeps
1342 3880 1372 3929 oi

163 3967 252 4002 course
274 3960 375 4001 anctum
392 3952 443 4001 and
461 3953 522 4002 thus
540 3956 692 4015 commenta,
713 3953 840 4002 ‘editores
858 3962 945 4017 aptam
963 3956 1043 4017 [most
1055 3957 1166 4019 factam]
1184 3958 1242 4007 ausi
1260 3960 1367 4024 scilieet,

164 4036 237 4085 libris
253 4035 373 4084 omnibus
392 4035 542 4098 religionem
564 4035 747 4084 invocantibus
768 4039 858 4085 eontra
879 4036 1003 4098 profanos
1026 4038 1211 4099 emendatores,
1228 4040 1370 4094 dictionem

164 4117 284 4166 Lucretio
300 4116 480 4166 lubentissime
500 4117 690 4178 frequentatam
706 4119 830 4166 contextu
847 4131 973 4176 emovere,
993 4121 1018 4168 et
1038 4120 1107 4168 fetus
1124 4120 1241 4183 proprios
1263 4137 1309 4185 per
1324 4139 1369 4175 au.

164 4200 265 4249 daciam
287 4198 478 4248 odiosissimsm
501 4201 578 4260 atque
600 4197 803 4259 perditissimam
825 4197 952 4248 infercire.
986 4200 1016 4250 ds
1038 4200 1159 4264 ἀργαλέον
1178 4200 1271 4266 πρᾶγμ’
1292 4207 1372 4269 ἐστίν,

164 4281 247 4332 dact
266 4285 305 4332 rat
323 4279 389 4330 θεοῖ,
424 4281 503 4346 Truly
519 4282 602 4330 delira
622 4282 682 4330 haec
695 4281 845 4342 famosaque
865 4284 986 4330 cerninrus
1006 4297 1055 4331 esse
1072 4285 1109 4332 Et
1123 4284 1205 4333 ridere
1220 4291 1373 4347 protestatos

164 4378 195 4412 es
211 4365 346 4414 ridenttba'
358 4365 454 4427 sectus.
587 4362 634 4414 976
651 4362 696 4411 ΑΒ
712 4361 777 4410 have
795 4362 855 4412 here
873 4365 1023 4412 cacinnant:
1042 4365 1094 4414 and
1113 4379 1142 4415 so
1161 4364 1275 4431 pauens
1291 4366 1373 4423 Ioue.
