2842 4860
738 253 788 320 IV

242 418 365 485 scilicet
386 425 455 485 arte
477 418 612 484 madent
633 419 805 485 simulacra
826 427 861 485 et
884 418 979 484 docta
1000 426 1169 507 vagantur,

242 530 399 587 nocturno
421 523 525 587 facere
547 531 587 587 ut
608 522 732 608 possint
754 522 789 586 in
812 531 957 608 tempore
980 523 1081 589 ludos.

243 649 285 691 an
306 625 411 713 magis
432 625 515 691 illud
537 625 599 690 erit
621 629 759 691 verum?
789 626 866 712 quia
887 635 1033 712 tempore
1056 626 1092 690 in
1113 647 1187 704 uno,

244 752 319 794 cum
341 728 500 794 sentimus
521 729 565 806 id,
587 736 621 794 et
644 752 718 794 cum
741 752 802 793 vox
825 729 990 794 emittitur
1010 752 1085 807 una,
1305 741 1367 810 795

242 840 389 918 tempora
410 833 515 897 multa
536 834 650 911 latent,
672 833 755 898 ratio
778 857 860 920 quae
883 832 1040 919 comperit
1062 855 1141 910 esse,

242 946 415 1025 propterea
435 939 475 1002 fit
496 938 548 1002 uti
570 939 683 1025 quovis
704 939 740 1003 in
762 948 908 1025 tempore
930 961 1079 1025 quaeque

243 1049 371 1129 praesto
393 1042 459 1106 sint
482 1041 653 1107 simulacra
674 1042 751 1107 locis
772 1042 808 1106 in
830 1042 966 1128 quisque
989 1049 1110 1128 parata

244 1156 279 1212 et
300 1147 377 1234 quia
398 1146 510 1212 tenvia
530 1154 616 1225 sunt,
638 1146 702 1211 nisi
724 1169 807 1232 quae
830 1146 1005 1226 contendit,
1028 1153 1123 1212 acute
1307 1149 1370 1214 802

243 1272 372 1315 cernere
394 1273 459 1314 non
481 1249 566 1334 potis
589 1256 639 1314 est
661 1248 808 1329 animus3
837 1248 971 1335 proinde
994 1249 1103 1314 omnia
1123 1271 1208 1335 quae
1230 1257 1310 1314 sunt

244 1362 411 1440 praeterea
432 1361 579 1440 pereunt,
601 1353 665 1418 nisi
686 1354 799 1439 siquae
822 1353 864 1418 ad
886 1376 919 1418 se
942 1352 1011 1438 ipse
1033 1353 1169 1439 paravit.

244 1458 313 1545 ipse
335 1466 429 1544 parat
451 1481 519 1523 sese
542 1480 634 1543 porro
650 1451 829 1543 ¹speratque
852 1457 1000 1522 futurum
1306 1459 1369 1542 805

243 1561 414 1626 utvideat
435 1561 522 1647 quod
543 1560 750 1646 consequitur
771 1583 840 1625 rem
863 1582 1046 1647 quamque;
1075 1560 1115 1625 fit
1137 1583 1223 1649 ergo.

245 1689 351 1731 nonne
373 1666 464 1732 vides
485 1666 593 1730 oculos
615 1665 724 1744 etiam,
746 1687 820 1730 cum
843 1665 954 1731 tenvia
975 1689 1058 1752 quae
1081 1673 1159 1732 sunt

214 1833 215 1837 ,
245 1792 374 1835 cernere
396 1777 580 1855 coeperunt,
602 1767 795 1834 contendere
818 1791 852 1834 se
875 1777 973 1855 atque
996 1792 1117 1855 parare,

245 1897 305 1939 nec
326 1873 395 1938 sine
418 1896 456 1938 eo
477 1871 549 1936 fieri
570 1894 662 1957 posse
684 1879 723 1936 ut
745 1893 913 1936 cernamus
935 1878 1057 1938 acute?
1308 1878 1373 1943 810

246 1985 281 2044 et
303 1985 414 2042 tamen
435 1977 471 2041 in
491 1977 588 2042 rebus
611 1999 738 2062 quoque
760 1976 882 2061 apertis
903 1998 1032 2042 noscere
1055 1977 1164 2063 possis,

212 2066 213 2069 Ἴ
246 2081 360 2147 sinon
381 2082 530 2146 advertas
552 2080 706 2159 animum,
728 2080 862 2166 proinde
885 2102 953 2145 esse
976 2081 1069 2166 quasi
1090 2080 1179 2145 omni

246 2195 391 2274 tempore
414 2194 574 2252 semotum
596 2185 694 2250 fuerit
716 2185 876 2272 longeque
898 2192 1068 2250 remotum.

247 2315 305 2358 cur
325 2292 428 2380 igitur
448 2291 608 2369 mirumst,
630 2289 757 2354 animus
780 2289 807 2354 si
829 2297 938 2354 cetera
957 2289 1066 2375 perdit

246 2402 473 2482 praeterquam
495 2393 613 2480 quibus
635 2401 684 2457 est
706 2392 741 2456 in
763 2391 859 2457 rebus
881 2391 1011 2456 deditus
1032 2391 1124 2477 ipse?
1308 2397 1369 2475 815

247 2499 363 2565 deinde
386 2497 598 2583 adopinamur
619 2495 659 2561 de
682 2495 782 2583 signis
804 2495 946 2560 maxima
967 2495 1075 2581 parvis

247 2627 284 2669 ao
305 2626 363 2667 nos
385 2603 420 2666 in
442 2601 588 2666 fraudem
610 2601 776 2665 induimus
798 2599 1013 2665 frustraminis
1034 2599 1119 2684 ipsi]

290 2707 346 2772 Fit
368 2728 495 2793 quoque
517 2713 556 2770 ut
578 2704 742 2770 interdum
764 2727 829 2768 non
851 2703 1080 2790 suppeditetur
1102 2703 1210 2791 imago

247 2811 392 2876 eiusdem
414 2808 549 2898 generis,
571 2808 628 2873 sed
650 2808 771 2873 femina
792 2830 875 2893 quae
898 2808 962 2872 fuit
983 2815 1071 2886 ante,

247 2915 282 2979 in
303 2914 454 2978 manibus
476 2912 526 2977 vir
546 2912 598 2976 uti
620 2913 724 2976 factus
746 2911 897 2975 videatur
919 2911 1039 2990 adesse,

248 3026 307 3082 aut
328 3017 393 3081 alia
414 3040 454 3082 ex
476 3015 540 3080 alia
562 3014 659 3080 facies
680 3022 833 3100 aetasque
856 3022 1018 3100 sequatur.

162 3125 226 3189 826
248 3120 334 3208 quod
355 3145 396 3186 ne
418 3120 574 3186 miremur
595 3142 687 3205 sopor
709 3127 807 3205 atque
830 3117 949 3183 oblivia
970 3125 1092 3184 curant.

162 3229 225 3290 822
295 3225 395 3309 [Illud
416 3225 451 3289 in
472 3225 523 3288 his
545 3224 641 3288 rebus
663 3222 781 3286 vitium
804 3228 971 3286 vementer
992 3221 1111 3287 avessis

161 3362 241 3414 tition
252 3362 279 3411 ot
296 3363 352 3421 774,
363 3361 412 3411 has
426 3364 510 3412 Tacta
521 3362 668 3410 owbilitmt.
701 3362 725 3409 si
738 3366 806 3409 terro
817 3367 861 3418 est,
873 3362 896 3409 si
908 3361 977 3409 cordi
992 3360 1009 3408 J
1009 3363 1065 3412 unt.
1183 3362 1232 3413 791
1248 3371 1374 3427 repetunt.

162 3448 275 3511 referunt
286 3444 365 3495 Lech.
461 3444 508 3496 795
528 3442 769 3503 (lamentantem,
782 3449 872 3508 etcum
883 3441 932 3490 Ed.
944 3441 985 3490 for
998 3444 1169 3492 Geraesticus
1181 3445 1210 3492 ts
1221 3451 1259 3493 est
1269 3461 1340 3495 cam:
1357 3461 1374 3497 a

163 3527 243 3591 slight
259 3526 312 3577 and
328 3541 463 3589 necessary
475 3526 621 3576 alteration.
656 3524 748 3574 Lamb.
762 3523 814 3573 and
830 3525 911 3574 Lech.
923 3523 951 3573 in
961 3524 1021 3574 vain
1039 3524 1140 3574 declara
1156 3525 1201 3575 the
1212 3541 1286 3576 verse
1299 3531 1328 3578 to
1343 3529 1375 3579 bs

164 3615 210 3662 out
222 3611 251 3661 of
263 3610 351 3674 place:
369 3608 414 3659 the
425 3609 503 3658 latter
515 3611 577 3670 puts
588 3608 618 3666 it,
630 3605 692 3655 thus
704 3606 802 3656 altered
815 3608 886 3668 Quod
897 3609 1023 3669 sentimur,
1037 3608 1129 3656 idest?
1147 3610 1206 3666 cet,
1218 3608 1305 3657 before
1317 3612 1374 3670 783,

163 3693 248 3743 where
260 3693 281 3741 it
293 3692 365 3754 sadly
376 3690 491 3740 involves
502 3690 547 3738 the
558 3689 745 3739 construction.
863 3690 911 3740 788
927 3691 979 3738 siut
990 3688 1060 3738 Flor.
1073 3689 1103 3737 31
1117 3689 1206 3738 Gamb.
1218 3690 1295 3741 Pont.
1307 3692 1375 3744 Mar.

163 3776 204 3825 for
214 3777 255 3824 ric
266 3775 296 3836 B,
311 3777 340 3823 iu
350 3773 372 3822 A
383 3772 453 3822 Nico.
518 3775 577 3821 tocie
588 3771 657 3820 Flor.
671 3772 702 3820 31
715 3770 768 3820 and
779 3771 912 3820 Candidus
923 3773 951 3820 at
962 3771 1012 3821 end
1024 3773 1051 3821 of
1062 3772 1137 3822 Junt.
1150 3773 1189 3821 for
1201 3775 1274 3823 locos.

198 3858 245 3910 799
263 3858 311 3906 800
326 3856 455 3907 801ε774
470 3855 595 3907 771772ε
615 3870 649 3904 an
664 3854 767 3904 evident
782 3855 852 3917 gloss
867 3855 935 3904 here.
969 3854 1059 3905 Lamb.
1072 3854 1170 3904 retains
1185 3853 1230 3905 the
1247 3856 1304 3906 first
1322 3855 1375 3907 and

163 3940 256 4004 rejects
268 3937 312 3987 the
321 3939 370 3985 two
379 3937 446 3998 last3
461 3936 537 3984 while
548 3935 581 3985 he
593 3937 708 3998 wrongly
719 3935 827 3985 obelises
838 3935 884 3985 the
892 3935 975 3984 whole
987 3935 1059 3984 three
1070 3936 1099 3984 in
1110 3936 1180 3985 their
1188 3936 1284 3986 former
1292 3938 1374 4000 place,

163 4022 248 4071 where
264 4020 325 4082 they
337 4023 434 4069 cannot
450 4018 481 4068 be
498 4019 636 4082 dispensed
648 4018 718 4070 with.
828 4021 876 4068 802
893 4021 945 4068 uisi
958 4034 1022 4081 quae
1034 4019 1170 4068 contendit.
1205 4021 1257 4068 nisi
1274 4035 1299 4070 se
1317 4036 1375 4072 cort·

164 4106 245 4154 uadit
258 4101 351 4152 Lamb.
363 4100 501 4164 prompted
511 4101 545 4151 he
556 4117 615 4164 says
627 4102 661 4164 by
672 4103 728 4165 809,
742 4102 794 4151 and
804 4101 900 4154 Leon:
918 4101 965 4151 but
977 4116 1018 4151 see
1030 4105 1105 4151 notes
1116 4103 1140 4152 2.
1256 4102 1305 4152 804
1323 4105 1376 4154 aiei

163 4188 187 4235 si
198 4200 261 4248 quac
270 4185 304 4232 ud
314 4199 339 4232 se
351 4185 403 4246 ipse
416 4182 495 4234 Lach.
511 4183 614 4233 fornici
626 4199 673 4247 que
685 4199 715 4233 ea
725 4200 751 4233 se
763 4187 826 4246 ipse.
859 4186 912 4233 cisi
922 4186 958 4234 sic
972 4200 1022 4234 sere
1037 4186 1091 4247 ipse
1102 4183 1193 4233 Lamb.
1327 4188 1375 4237 805

158 4268 276 4330 futurum
286 4265 362 4315 Pont.
375 4266 447 4315 Junt.
460 4266 633 4329 forfacturam.
760 4266 899 4316 sos=804.
1021 4266 1069 4317 815
1085 4267 1267 4329 Praeterquam
1277 4267 1375 4321 Arane.

163 4348 203 4398 sor
219 4349 355 4398 Praetereo
369 4362 451 4410 quom.
571 4348 620 4397 818
636 4345 771 4398 nocBrix.
786 4346 862 4397 Pont.
876 4345 1060 4398 Mentoreos.
1181 4349 1231 4399 820
1247 4351 1375 4401 virutiB

163 4443 227 4482 corr.
241 4429 310 4480 Flor.
324 4430 355 4479 81
367 4430 456 4480 Gamb.
469 4430 533 4480 Mar.
547 4430 586 4479 for
596 4432 696 4479 virtuti.
730 4432 842 4480 virtum
854 4427 884 4480 Ni
1064 4427 1228 4485 111011).οἏ
1324 4434 1374 4483 877
