2842 4860
646 254 697 318 IV

151 438 228 482 saxa
249 415 336 502 paris
358 417 475 482 formas
496 416 668 483 verborum
690 440 730 482 ex
753 415 864 482 ordine
886 416 1032 496 reddant,

150 522 290 608 palantis
312 522 447 587 comites
468 546 566 609 quom
588 523 708 588 montis
729 523 818 588 inter
838 545 952 608 opacos

152 625 336 712 quaerimus
358 635 393 691 et
415 649 535 714 magna
556 626 714 712 dispersos
735 648 813 691 voce
835 625 965 692 ciemus.

151 753 207 796 sex
229 730 329 796 etiam
351 740 410 796 aut
432 740 558 816 septem
580 732 649 796 loca
670 730 738 795 vidi
759 730 892 795 reddere
914 731 1007 810 vocis,

149 857 248 899 unam
271 857 345 898 cum
367 833 503 899 iaceres:
531 835 580 899 ita
601 835 697 899 colles
719 834 853 899 collibus
875 833 938 919 ipsi

149 938 248 1002 verba
268 938 470 1023 repulsantes
491 937 654 1004 iterabant
677 939 772 1003 docta
792 939 911 1004 referri.

150 1043 230 1107 haec
251 1043 321 1107 loca
342 1043 528 1129 capripedes
550 1052 673 1130 satyros
694 1045 918 1130 nymphasque
940 1052 1051 1110 tenere

149 1145 281 1211 finitimi
303 1147 433 1232 fingunt
455 1154 490 1211 et
512 1149 625 1211 faunos
647 1169 716 1212 esse
738 1147 889 1212 locuntur

149 1273 286 1337 quorum
308 1251 477 1338 noctivago
500 1251 639 1337 strepitu
662 1251 801 1338 ludoque
824 1252 944 1318 iocanti

149 1354 322 1420 adfirmant
343 1356 437 1442 volgo
458 1357 623 1420 taciturna
644 1356 775 1426 silentia
795 1357 904 1443 rumpi

149 1459 403 1546 chordarumque
426 1483 518 1526 sonos
540 1461 612 1526 fieri
634 1461 800 1547 dulcisque
823 1462 989 1548 querellae,

148 1563 231 1630 tibia
252 1586 332 1649 quas
355 1564 463 1628 fundit
485 1565 596 1651 digitis
617 1566 748 1651 pulsata
769 1573 954 1643 canentum,

149 1676 183 1734 et
204 1667 308 1757 genus
330 1669 506 1756 agricolum
529 1670 595 1734 late
617 1669 799 1747 sentiscere,
822 1693 919 1756 quom
941 1670 1009 1735 Pan

148 1772 244 1859 pinea
265 1773 406 1838 semiferi
428 1773 543 1859 capitis
565 1773 726 1838 velamina
747 1796 901 1860 quassans

148 1900 231 1941 unco
253 1899 348 1962 saepe
371 1878 459 1942 labro
481 1878 619 1942 calamos
641 1878 799 1963 percurrit
820 1877 951 1955 hiantis,

148 1982 258 2046 fistula
279 1982 458 2047 silvestrem
479 2006 521 2047 ne
544 1991 647 2048 cesset
669 1983 802 2048 fundere
824 2004 958 2049 musam.

148 2094 256 2150 cetera
278 2085 317 2150 de
339 2109 458 2172 genere
480 2086 540 2151 hoc
562 2095 706 2152 monstra
727 2109 764 2152 ac
786 2094 938 2172 portenta
958 2087 1140 2172 loquontur,

146 2210 187 2253 ne
210 2188 279 2252 loea
301 2186 428 2253 deserta
450 2189 491 2254 ab
513 2188 595 2254 divis
618 2212 745 2276 quoque
767 2191 849 2255 forte
872 2196 1031 2275 putentur

146 2291 214 2357 sola
235 2302 354 2359 tenere.
383 2293 456 2359 ideo
477 2294 602 2360 iactant
623 2295 778 2360 miracula
799 2295 894 2361 dictis

146 2403 205 2461 aut
226 2395 336 2482 aliqua
356 2397 481 2462 ratione
503 2397 568 2462 alia
589 2398 762 2474 ducuntur,
776 2405 814 2463 ut
837 2420 931 2462 omne

146 2498 325 2563 humanum
347 2522 451 2587 genus
472 2508 523 2565 est
545 2499 676 2566 avidum
698 2500 796 2570 nimis
817 2501 1042 2566 auricularum.

191 2603 288 2684 Quod
308 2611 464 2689 superest,
485 2627 551 2669 non
573 2612 623 2669 est
645 2604 828 2669 mirandum
851 2627 916 2690 qua
936 2604 1069 2683 ratione,

146 2728 205 2792 per
225 2707 295 2771 loca
316 2729 399 2792 quae
420 2715 589 2793 nequeunt
611 2707 695 2772 oculi
716 2730 767 2772 res
789 2729 919 2772 cernere
941 2715 1079 2794 apertas,

145 2812 224 2877 haec
246 2813 315 2877 loca
336 2835 395 2898 per
414 2835 508 2878 voces
529 2813 663 2878 veniant
685 2812 836 2897 aurisque
859 2812 1026 2877 lacessant.

145 2917 350 3004 conloquium
372 2917 487 2984 clausis
509 2918 629 2984 foribus
651 2940 778 3004 quoque
801 2940 896 3003 saepe
918 2916 1074 2997 videmus,

144 3023 298 3088 nimirum
321 3023 398 3110 quia
418 3047 480 3089 vox
501 3024 665 3110 perflexa
686 3023 843 3089 foramina
863 3045 971 3088 rerum

145 3127 314 3193 incolumis
337 3128 472 3194 transire
494 3136 611 3216 potest,
632 3129 804 3194 simulacra
824 3133 998 3208 renutant3
1202 3129 1268 3198 600

145 3233 395 3320 perscinduntur
416 3233 512 3312 enim,
534 3233 597 3298 nisi
619 3241 707 3323 recta
728 3232 885 3298 foramina
905 3239 1046 3311 tranant,

146 3337 254 3424 qualia
275 3346 353 3402 sunt
373 3337 479 3415 vitrei,
500 3339 622 3425 species
644 3361 709 3425 qua
729 3339 868 3403 travolat
889 3337 1001 3403 omnis.

57 3515 158 3566 Boorr.
169 3513 234 3565 Mar.
248 3514 288 3565 for
300 3516 371 3578 topic.
408 3517 474 3578 lepte
484 3514 554 3568 Nico.
590 3514 670 3566 Lech.
683 3528 713 3564 as
723 3514 737 3564 1
747 3528 806 3564 now
817 3512 895 3563 think
905 3512 1015 3564 without
1030 3513 1157 3565 sufficient
1172 3529 1265 3568 reason

58 3600 190 3662 separatus
201 3598 290 3647 solidis
301 3599 388 3646 adlisa
399 3597 466 3647 from
478 3599 548 3648 locta
689 3598 836 3648 diluente:
854 3609 934 3645 seen.
947 3595 1056 3648 101744
1067 3598 1162 3660 strepis.
1195 3615 1266 3650 voces

56 3678 138 3729 Lech.
150 3677 219 3740 vulg.
361 3679 409 3730 578
425 3680 484 3740 ipsi.
520 3681 583 3742 ipris
600 3692 650 3728 one
661 3677 719 3729 Vct.
737 3676 809 3726 Mon.
821 3676 878 3729 Ver.
892 3676 969 3726 Van:
986 3676 1067 3727 hence
1083 3678 1140 3728 ald.
1159 3680 1173 3728 1
1190 3681 1263 3732 Junt.

56 3761 126 3824 vulg.
137 3760 223 3810 before
232 3760 306 3810 wer.
405 3761 453 3812 579
471 3762 543 3811 docta
553 3761 644 3824 referri
655 3759 734 3811 Lech.
747 3759 787 3808 for
798 3761 867 3810 dicte
878 3760 977 3821 referri.
1011 3761 1082 3810 dieta
1092 3763 1186 3826 referre
1198 3763 1264 3816 Mer.

56 3844 131 3895 sunt.
142 3843 212 3906 vulg.
245 3845 298 3894 icta
309 3843 402 3906 referre
413 3844 499 3893 Bentl.
533 3842 623 3893 ictais
640 3843 696 3893 also
710 3842 738 3892 in
750 3842 821 3892 Mon.
941 3843 988 3892 582
1005 3845 1103 3893 iocanti
1114 3845 1137 3895 A
1147 3860 1212 3895 corr.
1223 3847 1265 3897 lor

56 3927 162 3976 locanti.
278 3925 325 3976 587
342 3926 469 3974 velamina
484 3924 554 3975 Nice.
569 3924 636 3974 Flor.
650 3924 681 3973 31
694 3923 785 3974 Gamb.
797 3922 868 3972 Mon.
881 3922 948 3986 vulg.
961 3922 1001 3972 lor
1016 3925 1149 3975 attaminet.
1181 3929 1264 3977 valla·

54 4011 127 4060 mina
142 4005 235 4058 Heins.
246 4005 275 4056 in
291 4020 340 4055 ms.
352 4007 434 4065 notes,
445 4006 481 4055 Is.
493 4006 569 4055 Voss.
581 4005 609 4055 in
626 4019 675 4054 ms.
688 4008 770 4064 notes,
781 4005 857 4054 Wak.
982 4006 1032 4056 590
1050 4007 1263 4059 0111111111

55 4090 146 4142 camb.
160 4090 225 4139 Mar.
237 4089 277 4139 for
288 4090 385 4138 Petere.
483 4089 532 4139 594
547 4090 623 4138 nimis
635 4091 817 4138 auricularum.
850 4087 923 4137 cimi'
937 4090 1265 4142 marcommannas

54 4173 156 4224 Bentl:
168 4171 223 4223 this
233 4170 256 4221 is
267 4185 325 4220 now
333 4169 378 4219 the
389 4169 461 4220 third
472 4169 535 4220 time
545 4170 579 4219 he
591 4169 640 4219 has
651 4169 803 4220 introduced
813 4169 870 4220 into
878 4170 921 4218 his
929 4173 984 4221 text
993 4170 1038 4221 the
1046 4171 1114 4221 form
1122 4175 1262 4238 retractam,

53 4254 142 4307 which
151 4253 175 4304 is
185 4256 232 4303 not
244 4267 308 4304 once
318 4251 400 4302 found
410 4252 440 4301 in
450 4251 496 4301 the
507 4265 570 4301 mss.
582 4252 611 4301 of
620 4250 696 4302 Lacr.
797 4252 846 4302 598
862 4253 981 4302 videmus.
1017 4253 1063 4300 nbi
1074 4253 1157 4302 511111
1167 4253 1263 4306 Lech:

52 4338 101 4390 but
113 4338 280 4401 Centuriam
295 4336 390 4387 1111111
400 4335 502 4399 feritate
511 4335 688 4385 aldemano.
700 4335 732 4384 cl.
740 4336 764 4398 s.
777 4336 840 4399 fieri
851 4350 875 4386 o.
890 4335 942 4384 end
954 4336 978 4386 is
989 4338 1037 4385 not
1048 4335 1093 4385 the
1105 4351 1176 4386 seme
1188 4336 1264 4402 thing

51 4424 83 4474 st
92 4418 130 4474 ull
139 4432 169 4471 us
182 4419 349 4486 caepae
361 4418 483 4472 meaa.
510 4468 513 4475 ,
526 4417 590 4469 cnm
605 4416 729 4485 loquimar
744 4418 839 4469 clocas
851 4420 960 4485 foribus,
979 4419 1046 4483 qnod
1061 4433 1135 4482 saepe
1151 4421 1262 4473 videmus

1071 4521 1187 4589 ra-‘t
