2842 4860
718 256 774 320 III

223 436 331 479 noenu
353 419 468 499 potest.
512 413 614 499 igitur
634 414 826 500 parvissima
847 436 979 500 corpora
1000 435 1157 501 proquam

223 524 257 583 et
278 515 442 581 levissima
463 525 549 593 sunt,
571 517 620 582 ita
640 517 823 582 mobilitate
845 517 1018 598 fruuntur;

224 627 259 684 at
280 626 393 684 contra
414 640 639 704 quaecumque
660 620 763 705 magis
785 642 860 685 cum
882 622 1025 705 pondere
1046 644 1164 708 magno

224 744 400 808 asperaque
421 721 644 800 inveniuntur,
668 745 705 786 eo
728 723 874 788 stabilita
896 724 1001 809 magis
1023 734 1109 791 sunt.

224 847 311 890 nunc
332 824 434 910 igitur
455 824 610 910 quoniam
632 833 677 890 est
698 825 799 889 animi
821 833 940 891 natura
960 837 1089 912 reperta

226 927 354 992 mobilis
376 926 513 1014 egregie,
535 949 691 1012 perquam
714 936 860 992 constare
882 939 1042 995 necessest

226 1029 409 1116 corporibus
430 1029 537 1114 parvis
559 1037 593 1094 et
615 1029 741 1094 levibus
763 1040 863 1116 atque
884 1032 1044 1097 rutundis.

225 1155 309 1218 quae
331 1132 392 1197 tibi
414 1132 542 1217 cognita
564 1154 614 1196 res
636 1132 671 1195 in
693 1133 814 1210 multis,
837 1156 856 1198 ο
877 1134 971 1212 bone,
992 1135 1089 1200 rebus

226 1237 317 1302 utilis
338 1237 522 1302 invenietur
544 1246 577 1302 et
599 1245 781 1322 opportuna
802 1238 932 1304 cluebit.

226 1341 305 1405 haec
327 1362 454 1426 quoque
475 1361 528 1405 res
548 1340 648 1405 etiam
669 1349 821 1405 naturam
843 1342 973 1408 dedicat
994 1342 1073 1421 eius,

227 1467 325 1530 quam
347 1445 441 1510 tenui
462 1453 588 1510 constet
608 1453 740 1510 textura
762 1469 924 1532 quamque
946 1448 1016 1513 loco
1038 1471 1072 1512 se

227 1550 391 1615 contineat
413 1572 521 1635 parve,
542 1551 570 1614 si
592 1551 694 1636 possit
716 1552 955 1636 conglomerari,

227 1653 314 1741 quod
336 1653 432 1718 simul
454 1661 551 1738 atque
574 1652 740 1717 hominem
762 1654 821 1717 leti
844 1676 956 1719 secura
979 1656 1071 1740 quies
1094 1665 1143 1721 est

228 1757 363 1843 indepta
384 1763 482 1841 atque
505 1755 605 1820 animi
628 1764 745 1821 natura
767 1757 958 1844 animaeque
980 1759 1119 1837 recessit,

228 1861 276 1926 nil
297 1861 344 1925 ibi
366 1860 504 1924 libatum
527 1860 568 1925 de
590 1869 659 1924 toto
682 1882 811 1946 corpore
834 1884 944 1926 cernas

228 1966 271 2032 ad
292 1965 439 2051 speciem,
462 1964 509 2028 nil
531 1964 573 2029 ad
595 1966 740 2050 pondus:
770 1988 856 2031 mors
878 1967 987 2032 omnia
1008 1973 1151 2053 praestat

228 2070 361 2135 vitalem
384 2077 513 2154 praeter
534 2091 664 2133 sensum
687 2069 892 2156 calidumque
916 2094 1074 2156 vaporem.

229 2197 304 2260 ergo
326 2173 468 2238 animam
490 2181 594 2239 totam
616 2174 782 2260 perparvis
804 2197 873 2239 esse
894 2184 1056 2240 necessest

228 2278 413 2357 seminibus,
435 2300 551 2343 nexam
573 2300 631 2363 per
651 2301 750 2343 venas
771 2278 894 2343 viscera
915 2301 1046 2359 nervos;

230 2392 399 2470 quatenus,
420 2381 525 2447 omnis
546 2383 605 2448 ubi
627 2405 645 2447 e
667 2391 737 2448 toto
759 2383 824 2447 iam
848 2405 978 2470 corpore
1000 2385 1104 2462 cessit,

230 2487 352 2553 extima
373 2488 591 2553 membrorum
614 2487 867 2553 circumcaesura
888 2496 999 2553 tamen
1022 2511 1056 2553 se

229 2592 424 2657 incolumem
446 2601 590 2678 praestat
612 2615 671 2657 nec
694 2592 774 2658 defit
795 2593 947 2678 ponderis
968 2592 1082 2658 hilum.

230 2694 317 2781 quod
338 2718 441 2782 genus
464 2703 513 2760 est
535 2695 654 2761 Bacchi
677 2719 751 2760 cum
774 2696 831 2760 flos
854 2695 988 2760 evanuit
1010 2703 1068 2760 aut
1090 2718 1164 2759 cum

230 2800 363 2887 spiritus
385 2798 548 2886 unguenti
570 2799 678 2864 suavis
701 2798 833 2886 diffugit
855 2799 890 2863 in
912 2821 1006 2863 auras

230 2912 288 2968 aut
309 2903 417 2988 aliquo
439 2924 513 2966 cum
534 2902 601 2966 iam
622 2924 718 2967 sucus
740 2903 782 2967 de
803 2923 933 2986 corpore
955 2901 1071 2980 cessit;

230 3007 278 3071 nil
299 3007 399 3072 oculis
420 3013 532 3070 tamen
556 3027 625 3070 esse
648 3004 752 3069 minor
773 3027 824 3070 res
846 3004 917 3090 ipsa
938 3003 1068 3068 videtur

230 3117 400 3196 propterea
421 3131 527 3194 neque
549 3108 732 3173 detractum
754 3109 796 3174 de
817 3107 959 3193 pondere
982 3108 1165 3193 quicquam,

230 3213 385 3278 nimirum
407 3212 484 3297 quia
506 3212 611 3276 multa
632 3212 824 3297 minutaque
848 3211 972 3276 semina
992 3232 1085 3275 sucos

231 3317 376 3382 efficiunt
398 3324 432 3380 et
454 3315 583 3379 odorem
606 3314 641 3378 in
663 3323 732 3379 toto
755 3336 885 3398 corpore
907 3336 1024 3379 rerum.

231 3442 330 3505 quare
352 3419 452 3484 etiam
474 3426 573 3504 atque
594 3417 694 3482 etiam
717 3417 836 3482 mentis
857 3424 1008 3482 naturam
1031 3415 1223 3502 animaeque

232 3522 311 3588 scire
332 3522 409 3587 licet
431 3543 587 3607 perquem
609 3519 762 3606 pauxillis
784 3543 852 3585 esse
874 3528 1016 3585 creatam

232 3625 418 3702 seminibus,
442 3623 596 3710 quoniam
618 3623 745 3709 fugiens
767 3623 814 3687 nil
836 3624 986 3708 ponderis
1008 3625 1124 3691 aufert.

274 3729 345 3794 Nec
367 3736 478 3793 tamen
499 3729 579 3792 haec
601 3728 738 3814 simplex
759 3729 852 3794 nobis
873 3737 991 3794 natura
1012 3730 1159 3814 putanda
1180 3739 1237 3797 est.

232 3832 337 3898 tenvis
360 3833 447 3897 enim
469 3833 628 3918 quaedam
650 3832 859 3898 moribundos
879 3832 999 3899 deserit
1020 3856 1100 3898 aura

146 4055 217 4106 older
228 4054 325 4105 editors
336 4069 380 4104 are
390 4053 495 4105 absurd.
528 4055 665 4105 rochetum
681 4055 800 4105 Muretus
817 4055 858 4105 lor
875 4057 1012 4106 contectam
1026 4055 1112 4107 which
1127 4057 1217 4110 hamb.
1232 4073 1360 4122 approves

145 4137 175 4187 of
189 4137 218 4185 in
233 4135 276 4185 his
293 4138 369 4185 notes
384 4134 438 4185 and
455 4134 537 4185 Laoh.
552 4135 650 4199 rightly
664 4136 764 4200 adopts.
879 4138 928 4186 203
945 4145 982 4187 ert
998 4135 1081 4187 odded
1098 4140 1166 4188 after
1184 4143 1305 4203 quoniam
1323 4143 1359 4207 by

146 4219 223 4268 Pont.
244 4217 310 4267 Mar.
333 4215 393 4266 Aru.
415 4216 527 4266 luunt.
576 4218 602 4267 It
628 4217 651 4268 is
673 4218 757 4269 added
778 4220 806 4269 at
827 4218 872 4269 the
893 4218 945 4268 end
967 4219 997 4268 of
1017 4219 1062 4269 the
1081 4234 1153 4270 verse
1174 4221 1209 4286 by
1229 4222 1299 4274 Flor.
1325 4226 1357 4275 31

146 4300 237 4353 (lamb.
336 4301 386 4350 210
400 4300 475 4350 otior
485 4315 510 4350 re
521 4300 591 4352 Nion.
606 4301 677 4353 Mon.
692 4301 750 4355 Ver.
764 4301 827 4355 Ven.
842 4305 889 4351 not
900 4301 970 4350 Flor.
982 4301 1014 4350 31
1026 4316 1056 4351 or
1067 4301 1157 4352 (lamb.
1249 4305 1298 4354 224
1309 4308 1359 4356 Nil

146 4384 233 4435 oculis.
270 4382 332 4446 ι103.
344 4384 412 4434 ailo‘
428 4381 520 4435 Heins.
534 4383 623 4435 inms.
635 4388 720 4436 notes.
836 4387 883 4437 227
900 4400 991 4437 rerum.
1032 4387 1072 4435 rei
1082 4384 1268 4449 Lach.,1now
1279 4386 1359 4440 think
