2842 4860
243 414 317 457 cum
340 391 460 477 pariter
481 413 572 455 mens
595 397 629 455 et
650 411 765 474 corpus
787 390 892 475 sopita
913 391 1102 475 quiescunt3

242 518 319 560 nam
341 495 417 560 licet
440 504 609 559 aeternum
631 517 689 581 per
710 517 768 559 nos
791 495 836 559 sio
858 517 926 560 esse
949 518 1103 581 soporem,

242 621 302 663 nec
325 599 520 664 desiderium
542 597 645 662 nostri
666 620 724 662 nos
746 597 856 661 adficit
878 599 990 662 ullum.

244 711 278 767 et
299 711 409 767 tamen
432 702 683 788 haudquaquam
705 711 831 766 nostros
853 711 931 766 tuno
953 703 1010 767 illa
1031 725 1088 789 per
1110 710 1201 767 artus

243 806 337 893 longe
360 806 401 870 ab
423 807 583 871 sensiferis
605 806 780 891 primordia
801 807 942 870 motibus
965 815 1081 883 errant,
1141 848 1143 854 ι
1221 847 1224 850 ·

244 931 318 973 curn
341 917 505 993 correptus
527 909 623 972 homo
646 931 685 972 ex
708 931 819 973 somno
841 931 875 973 se
898 909 1019 994 colligit
1041 910 1117 994 ipse.

244 1011 348 1076 multo
370 1011 471 1096 igitur
491 1019 629 1076 mortem
651 1011 760 1074 minus
782 1011 823 1074 ad
844 1033 903 1075 nos
925 1034 993 1076 esse
1015 1012 1238 1097 putandumst,

245 1113 272 1178 si
295 1113 403 1178 minus
426 1136 495 1179 esse
517 1120 625 1198 potest
646 1136 746 1198 quam
768 1114 854 1198 quod
875 1114 923 1176 nil
946 1136 1015 1178 esse
1037 1114 1205 1193 videmus3

244 1217 346 1280 maior
368 1217 455 1281 enim
477 1217 591 1281 turbae
615 1216 767 1281 disiectus
789 1216 938 1281 materiai

244 1321 451 1406 consequitur
472 1321 538 1384 leto
560 1342 620 1384 neo
641 1319 813 1404 quisquam
836 1321 1023 1404 expergitus
1045 1326 1160 1397 exstat,

244 1423 360 1508 frigida
382 1445 480 1508 quem
502 1423 601 1486 semel
623 1430 672 1486 est
694 1422 775 1485 vitai
796 1444 898 1506 pausa
919 1431 1036 1488 secuta.

288 1526 438 1611 Denique
462 1525 489 1590 si
510 1547 622 1588 vocem
644 1546 751 1588 rerum
774 1534 891 1588 natura
912 1533 1046 1609 repente

244 1631 357 1695 mittat
379 1638 413 1694 et
435 1631 494 1694 hoc
516 1629 613 1694 alicui
634 1638 780 1693 nostrum
802 1629 847 1693 sio
869 1629 1013 1714 increpet
1035 1629 1105 1715 ipsa

246 1733 346 1819 ‘quid
368 1734 431 1797 tibi
452 1742 544 1797 tanto
567 1740 701 1816 operest,
722 1732 876 1808 mortalis,
900 1733 985 1816 quod
1008 1732 1105 1795 nimis
1127 1732 1231 1816 aegris

244 1837 387 1901 luctibus
409 1836 579 1920 indulges?
605 1835 684 1920 quid
706 1845 844 1898 mortem
867 1834 1029 1920 congemis
1050 1857 1087 1898 ao
1109 1835 1190 1898 flesl

245 1964 322 2005 nam
343 1940 443 2027 gratis
466 1947 614 2003 anteacta
635 1938 699 2002 fuit
721 1938 782 2002 tibi
803 1939 872 2001 vita
893 1938 1043 2022 priorque

246 2053 280 2109 et
301 2067 366 2107 non
388 2045 497 2108 omnia
519 2052 686 2128 pertusum
708 2051 858 2126 congesta
879 2043 972 2127 quasi
994 2043 1028 2105 in
1050 2063 1106 2106 vas

245 2149 412 2213 commoda
433 2149 612 2234 perfluxere
635 2156 733 2233 atque
757 2148 884 2232 ingrata
906 2147 1077 2212 interiere:

245 2276 302 2317 eur
323 2275 389 2316 non
410 2261 448 2316 ut
471 2252 586 2335 plenus
607 2251 694 2315 vitae
717 2251 852 2315 conviva
873 2250 995 2314 recedis

245 2379 347 2442 aequo
370 2356 542 2440 animoque
564 2355 652 2439 capis
674 2377 827 2431 securam,
851 2355 959 2431 stulte,
982 2355 1152 2439 quietem?

245 2459 296 2524 sin
318 2480 461 2544 eaquae
483 2459 605 2521 fructus
628 2455 767 2542 cumque
790 2480 824 2520 es
846 2457 967 2542 periere
990 2459 1118 2542 profusa

243 2565 375 2649 vitaque
397 2564 432 2627 in
455 2564 619 2638 offensum,
642 2584 699 2625 our
721 2563 861 2646 amplius
883 2562 1000 2626 addere
1023 2563 1159 2647 quaeris,

246 2690 374 2732 rursum
396 2667 482 2752 quod
505 2674 617 2750 pereat
638 2665 722 2729 male
745 2674 779 2729 et
800 2665 964 2750 ingratum
987 2667 1109 2730 occidat
1132 2688 1236 2742 omne,

246 2795 311 2836 non
333 2771 443 2857 potius
466 2769 551 2833 vitae
574 2768 674 2832 finem
697 2768 774 2832 facis
797 2776 896 2853 atque
918 2768 1058 2834 laboris?

246 2899 322 2941 nam
345 2876 407 2940 tibi
428 2882 595 2960 praeterea
616 2873 702 2958 quod
724 2873 890 2937 machiner
911 2873 1148 2959 inveniamque,

247 2978 333 3064 quod
355 2979 488 3064 placeat,
512 2976 558 3039 nil
581 2985 647 3040 est:
677 2975 789 3039 eadem
812 2983 889 3039 sunt
911 2977 1018 3039 omnia
1040 2998 1173 3060 semper.

247 3083 275 3147 si
296 3081 358 3147 tibi
380 3104 445 3145 non
467 3071 560 3143 annis
582 3101 695 3164 corpus
718 3079 783 3142 iam
806 3087 928 3143 marcet
950 3088 985 3144 et
1006 3088 1095 3144 artus

247 3184 383 3250 confecti
405 3184 570 3268 languent,
593 3182 707 3247 eadem
728 3191 838 3246 tamen
862 3182 971 3246 omnia
991 3192 1123 3260 restant,

247 3290 356 3354 omnia
378 3289 406 3353 si
427 3311 541 3374 pergas
563 3287 701 3352 vivendo
723 3286 849 3352 vincere
872 3287 981 3365 saecla,

247 3403 345 3479 atque
368 3394 467 3459 etiam
490 3392 605 3479 potius,
628 3392 655 3456 si
677 3413 856 3476 numquam
878 3391 922 3455 sis
943 3391 1135 3468 moriturus,'

161 3537 271 3600 Nauger.
286 3538 327 3586 for
342 3541 461 3600 requiret.
560 3540 607 3589 921
626 3554 675 3587 esre
692 3553 801 3601 soporem
816 3537 918 3587 ANioo.
930 3537 998 3599 vulg.
1032 3553 1083 3587 ease
1095 3538 1246 3600 preemoB:
1264 3553 1281 3588 a
1298 3553 1368 3588 mere

161 3617 279 3676 blunder,
293 3618 338 3666 the
352 3634 378 3667 ao
395 3618 471 3680 being
483 3617 607 3668 absorbed
618 3618 647 3667 in
658 3634 723 3668 esse:
740 3622 783 3680 yet
797 3619 873 3669 Bern.
888 3618 961 3667 reads
969 3634 1018 3680 per
1028 3633 1125 3667 aevum.
1257 3622 1305 3671 922
1322 3623 1368 3670 od-

154 3701 215 3764 flcit
231 3699 323 3748 Lamb.
340 3700 379 3750 ed.
400 3701 414 3747 1
431 3699 484 3748 and
500 3701 524 3761 2,
544 3700 633 3750 Heins
653 3700 682 3748 in
698 3715 746 3750 ms.
767 3703 841 3749 notes
858 3701 898 3749 lor
914 3703 1005 3762 adiqit.
1040 3704 1130 3763 ottiqe't
1145 3702 1215 3751 Flor.
1233 3706 1264 3753 31
1277 3705 1368 3756 (romb.

161 3782 227 3830 Mar.
244 3781 341 3830 Arane.
358 3782 449 3831 Lamb.
466 3782 505 3832 ed.
524 3785 548 3833 3.
659 3785 707 3834 935
724 3785 792 3832 Num
807 3787 889 3844 oratio
906 3792 1024 3833 anteacta
1037 3785 1094 3846 fuit
1112 3786 1159 3834 tibi
1175 3788 1232 3835 uita
1245 3789 1368 3850 priorque

161 3862 211 3911 Ed.
229 3862 269 3910 for
285 3864 318 3911 N.
335 3878 374 3924 qr.
388 3864 445 3925 suit
462 3866 509 3912 tibi
526 3866 582 3912 otta
599 3871 718 3913 anteacta
732 3867 861 3926 priorque.
896 3865 1011 3927 Perhaps
1027 3866 1103 3916 Lucr.
1117 3869 1196 3915 wrote
1207 3869 1275 3917 Nam
1285 3873 1368 3931 qratia

157 3945 231 4007 juvit
247 3958 276 3991 or
287 3945 344 4006 suit
359 3946 406 3992 tibi
418 3947 481 3993 oet:
499 3944 543 3993 the
553 3952 571 3993 u
582 3943 605 3993 is
617 3959 736 3993 common
747 3945 775 3993 in
787 3945 830 3994 old
841 3945 947 3994 writers
990 3949 1022 3996 N.
1036 3962 1074 4008 qr.
1082 3949 1139 4011 suit
1151 3949 1211 3997 haec
1225 3955 1241 3998 t.
1254 3965 1278 3999 o.
1290 3966 1316 3998 a.
1324 3967 1368 4014 pr.

161 4025 241 4074 Lach.
275 4027 309 4075 N.
326 4027 349 4074 si
365 4033 440 4086 qrutu
451 4029 475 4089 f.
495 4035 512 4076 t.
525 4042 587 4076 ua.
600 4042 627 4089 p.
647 4028 758 4088 Nauger.
791 4029 859 4077 Num
871 4031 952 4090 qratia
959 4031 1042 4090 fluxit
1053 4033 1101 4078 cet.
1113 4029 1178 4085 Mar.
1191 4031 1266 4079 Junt.
1300 4034 1369 4082 Num

162 4115 262 4170 qratum
272 4109 297 4171 s.
316 4114 333 4156 t.
351 4123 376 4156 o.
393 4107 464 4156 Nioo.
497 4110 564 4158 Nom
579 4111 692 4170 qratirue
704 4111 761 4172 suit
777 4109 854 4158 Bern.
931 4110 979 4160 941
995 4112 1113 4172 offensuet
1130 4111 1221 4160 Lamh.
1238 4112 1279 4161 for
1293 4117 1368 4178 offerr-

161 4193 220 4238 soat.
433 4188 480 4239 942
496 4191 561 4237 male
577 4196 601 4237 et
618 4189 639 4236 B
657 4189 725 4237 Flor.
744 4189 775 4237 31
792 4192 840 4238 etc.
855 4178 962 4252 rightly.
1003 4193 1066 4239 mali
1089 4198 1113 4239 et
1137 4191 1160 4240 A
1182 4191 1253 4241 Nico.
1277 4193 1369 4246 (lamb.

162 4269 236 4320 Wals
335 4267 383 4318 943
394 4271 472 4332 finem
484 4273 554 4334 sacia
570 4271 665 4320 Arane.
685 4270 726 4320 for
735 4272 814 4334 finem
830 4273 903 4321 iocis.
1034 4273 1082 4322 945
1103 4274 1207 4335 placeat
1231 4273 1302 4326 Nico.
1328 4278 1370 4327 lor

159 4354 254 4417 placet.
352 4354 400 4403 948
419 4369 512 4416 perque
538 4353 629 4403 Lamb.
646 4353 685 4403 ed.
704 4356 719 4402 3
740 4354 780 4404 lor
800 4370 897 4417 perpes.
996 4356 1044 4404 950
1066 4357 1118 4404 uisi
1141 4355 1206 4405 Mar.
1230 4356 1305 4414 June.
1328 4359 1371 4410 for
