2842 4860
736 232 772 296 II

238 393 375 458 efficitur
396 393 552 480 quiddam
574 394 768 479 quadratum
792 416 921 479 unaque
944 394 1056 480 figura,

238 498 458 575 conveniebat,
482 506 520 561 ut
541 497 576 561 in
599 497 757 583 quadrato
779 496 939 561 cernimus
962 519 1031 562 esse

237 603 409 668 dissimiles
431 603 557 679 formas,
580 602 628 666 ita
650 623 779 666 cernere
803 601 839 664 in
860 623 999 687 aequore
1020 601 1113 686 ponti

236 715 295 770 aut
317 707 381 770 alio
405 707 440 769 in
464 706 577 791 quovis
601 729 667 770 uno
690 728 837 791 puroque
861 706 965 770 nitore

235 808 406 873 dissimiles
430 809 525 893 longe
551 809 637 873 inter
663 830 697 872 se
721 808 890 894 variosque
914 810 1041 873 colores,

234 920 402 997 praeterea
424 913 471 977 nil
495 913 640 977 officiunt
663 912 858 997 obstantque
884 914 1007 998 figurae

235 1015 493 1101 dissimilesque
519 1017 716 1101 quadratum
740 1016 848 1080 minus
872 1039 967 1080 omne
992 1016 1035 1080 sit
1059 1025 1151 1081 extra
1163 1040 1171 1095 ;

235 1128 269 1183 at
293 1119 374 1183 varii
398 1142 507 1183 rerum
531 1119 705 1204 inpediunt
728 1121 966 1205 prohibentque
989 1120 1109 1184 colores

235 1224 406 1309 quominus
430 1245 499 1288 esse
522 1246 587 1287 uno
611 1223 713 1308 possit
738 1245 789 1286 res
812 1232 883 1288 tota
907 1224 1021 1288 nitore.

278 1328 362 1391 Tum
387 1350 480 1412 porro
503 1349 587 1412 quae
614 1327 705 1391 ducit
729 1336 762 1391 et
784 1327 889 1392 inlicit
913 1336 952 1392 ut
975 1328 1159 1392 tribuamus

234 1432 401 1517 principiis
425 1455 533 1497 rerum
556 1454 802 1517 nonnumquam
827 1455 923 1497 causa
949 1433 1076 1508 colores,

236 1535 360 1613 occidit,
385 1559 424 1600 ex
451 1536 533 1600 albis
556 1537 709 1621 quoniam
733 1559 799 1600 non
825 1537 899 1601 alba
918 1547 1077 1614 creantur,

236 1661 294 1702 nec
318 1661 401 1724 quae
424 1639 518 1724 nigra
541 1640 650 1704 cluent
673 1640 714 1704 de
738 1640 840 1725 nigris
864 1640 918 1704 sed
943 1640 1040 1705 variis
1064 1664 1112 1705 ex..

237 1743 358 1827 quippe
383 1744 503 1807 etenim
531 1743 635 1806 multo
659 1743 832 1827 proclivius
856 1744 1040 1808 exorientur

237 1845 374 1908 candida
397 1846 437 1909 de
461 1845 550 1908 nullo
577 1867 674 1930 quam
699 1844 790 1929 nigro
812 1853 890 1909 nata
914 1847 1018 1910 colore

236 1956 295 2011 aut
318 1947 381 2011 alio
404 1948 518 2034 quovis
542 1947 599 2034 qui
621 1955 733 2011 contra
756 1955 882 2032 pugnet
908 1955 942 2013 et
966 1948 1081 2014 obstet.

280 2050 451 2115 Praeterea
475 2051 628 2135 quoniam
652 2059 821 2136 nequeunt
844 2051 913 2115 sine
937 2052 1008 2116 lnce
1035 2053 1154 2117 colores

238 2177 305 2218 esse
332 2178 439 2240 neque
462 2156 496 2218 in
523 2156 629 2219 lucem
653 2156 799 2238 existunt
825 2156 1002 2240 primordia
1024 2179 1143 2236 rerum,

237 2261 317 2325 scire
341 2261 416 2325 licet
440 2284 538 2347 quam
562 2262 629 2325 sint
653 2261 742 2326 nullo
764 2262 873 2325 velata
896 2262 1006 2326 colore.

236 2363 340 2447 qualis
364 2364 451 2428 enim
475 2363 576 2427 caecis
601 2363 722 2448 poterit
744 2363 829 2428 color
854 2386 923 2428 esse
948 2365 1115 2429 tenebris?

236 2468 359 2533 lumine
385 2468 465 2554 quin
491 2467 560 2551 ipso
584 2475 731 2531 mutatur
756 2475 927 2552 propterea
950 2469 1036 2553 quod

236 2581 324 2638 recta
347 2580 404 2636 aut
430 2571 561 2656 obliqua
584 2593 752 2657 percussus
776 2572 848 2636 luce
873 2572 1030 2658 refulget3

236 2679 348 2763 pluma
371 2677 594 2742 columbarum
618 2698 681 2760 quo
705 2685 799 2761 pacto
825 2677 861 2740 in
886 2677 951 2741 sole
975 2678 1114 2756 videtur,

237 2803 320 2866 quae
344 2780 407 2845 sita
431 2779 569 2844 cervices
593 2779 713 2843 circum
737 2780 919 2863 collumque
942 2790 1093 2861 coronat3

236 2907 377 2968 namque
400 2882 479 2947 alias
503 2883 542 2969 fit
565 2883 615 2946 uti
640 2882 724 2946 claro
751 2883 794 2946 sit
819 2883 916 2946 rubra
937 2904 1067 2969 pyropo,

235 2987 401 3052 interdum
424 2986 565 3073 quodam
587 3009 684 3050 sensu
707 2987 746 3050 fit
767 2987 818 3051 uti
840 2987 990 3051 videatur

235 3093 321 3156 inter
342 3093 500 3156 curalium
522 3092 632 3156 viridis
654 3091 788 3156 miscere
810 3092 1004 3177 zmaragdos,

235 3194 400 3281 caudaque
422 3196 565 3280 pavonis,
589 3196 679 3281 larga
700 3217 775 3260 curn
797 3195 868 3258 luce
891 3196 1016 3280 repleta
1038 3204 1097 3274 est,

136 3322 138 3326 “
236 3300 395 3365 consimili
416 3309 525 3366 mutat
545 3302 669 3366 ratione
692 3302 826 3366 obversa
848 3300 986 3380 colores;

183 3473 230 3522 779
247 3487 347 3534 unaque
357 3473 446 3536 fipura
462 3472 533 3521 Nico.
549 3471 589 3520 for
605 3487 705 3535 unaque
717 3474 825 3535 fipuras.
862 3488 963 3535 unaque
975 3474 1065 3536 fipura
1080 3465 1116 3523 est
1133 3475 1202 3524 Flor.
1214 3478 1246 3525 31
1263 3477 1353 3527 Camb.

150 3551 297 3602 Manlunt.
330 3570 444 3618 anaeque
450 3557 551 3618 fipurae
563 3555 653 3604 Lcmb.
666 3556 732 3604 after
744 3555 874 3611 Muretus;
890 3558 993 3606 ‘contra
1004 3557 1217 3607 consuetudinem
1226 3559 1355 3610 Lucretii'

151 3649 211 3696 says
221 3635 301 3685 Lech.
368 3634 370 3637 ’
432 3640 481 3688 780
491 3645 520 3690 ut
531 3641 559 3686 in
570 3637 650 3686 Laoh.
662 3638 703 3686 for
713 3640 753 3686 uti
764 3640 793 3687 in
804 3653 810 3687 :
828 3653 869 3687 see
880 3640 937 3687 322.
1076 3642 1124 3690 781
1136 3643 1163 3690 ia
1175 3656 1282 3704 aequore
1293 3643 1352 3694 Ver.

149 3715 213 3768 Ven.
228 3717 341 3767 Politian
348 3717 377 3782 (t)
390 3718 455 3768 Mar.
470 3720 486 3768 J
487 3722 543 3768 unt.
556 3721 597 3769 for
608 3722 636 3767 in
647 3734 766 3780 aequora.
870 3722 917 3772 783
929 3722 1020 3770 coloreo
1032 3720 1102 3772 Nioc.
1117 3723 1156 3770 for
1167 3724 1270 3773 coloreo.

183 3799 229 3850 785
241 3806 312 3847 extra
323 3813 405 3848 seems
417 3799 488 3860 quite
500 3798 676 3861 appropriate:
694 3799 775 3848 Lech.
786 3799 862 3849 reads
874 3816 905 3848 ex
918 3802 965 3849 his.
1092 3805 1140 3855 788
1151 3806 1222 3853 ducit
1234 3812 1259 3853 et
1270 3807 1355 3859 inlicit

148 3886 178 3926 ut
196 3882 332 3928 tribuamus
346 3880 439 3929 Lamb.
455 3879 507 3929 and
524 3880 635 3929 Turneb.
652 3881 692 3929 for
707 3882 778 3928 ducit
793 3888 817 3930 et
834 3883 938 3930 inlicito
954 3884 1090 3932 tribuemus
1108 3887 1142 3946 (et
1157 3901 1208 3937 om.
1226 3886 1249 3934 A
1264 3887 1354 3948 Nico).

149 3962 259 4010 duritia
270 3963 368 4010 licitam
378 3970 408 4011 ut
419 3965 555 4013 tribuemus
568 3963 658 4012 Oamb.
691 3971 720 4013 ut
731 3965 853 4012 illicitum
862 3967 906 4014 hoc
920 3966 1057 4014 tribuemus
1069 3967 1135 4017 Mar.
1148 3968 1223 4016 Junt.

182 4042 230 4093 790
248 4050 366 4092 creamur
385 4042 455 4094 Nicc.
474 4044 515 4094 for
533 4052 643 4094 creatur.
751 4046 797 4096 791
815 4046 867 4094 Nec
884 4061 947 4107 quoe
964 4045 1032 4096 Flor.
1050 4049 1081 4096 31
1098 4047 1187 4097 Gamb.
1204 4050 1244 4098 for
1258 4052 1354 4113 Neque.

147 4127 269 4174 vanuco
286 4125 362 4174 Wsk.
379 4126 419 4175 for
434 4129 514 4175 vonis
531 4143 570 4176 eo.
610 4129 713 4176 comato
733 4127 808 4176 Pont.
850 4130 986 4177 comantur
1004 4129 1069 4181 Mar.
1089 4131 1163 4180 Junt.
1202 4135 1306 4181 canant
1328 4148 1354 4182 ce

147 4205 205 4254 Ald.
219 4207 241 4256 1.
318 4209 367 4257 800
378 4209 493 4271 refulpet.
526 4210 724 4273 refulqithach.
802 4213 977 4270 802⁴cervicea
1010 4213 1276 4276 cervicemstBrioger.

180 4290 227 4338 803
244 4291 321 4338 rubro
336 4289 405 4340 Flor.
419 4292 450 4339 31
468 4291 558 4340 (lamb.
574 4292 646 4340 Mon.
662 4292 720 4342 Ver.
739 4291 803 4341 Ven.
821 4293 862 4341 for
878 4294 961 4343 rubro.
1083 4295 1132 4343 805
1143 4297 1269 4345 curulium
1279 4295 1354 4344 Wak.

146 4369 186 4418 for
197 4374 344 4420 caeruleum.
382 4373 430 4421 ‘fu
444 4374 577 4437 beryllum'
588 4375 673 4423 Bentl.
817 4376 864 4425 806
881 4378 954 4438 lurco
965 4391 1021 4426 cum
1038 4378 1091 4427 luce
1107 4375 1177 4429 Nico.
1192 4377 1223 4426 B.
1237 4391 1303 4426 corr.
1315 4377 1355 4426 for
