2842 4860
104 250 168 312 216
409 289 411 293 >
690 243 720 305 V

189 417 321 496 propter
342 407 506 473 dissimilis
528 406 645 470 formas
666 405 834 490 variasque
856 404 975 490 figuras

191 514 276 600 quod
297 536 362 577 non
384 511 492 576 omnia
515 511 560 574 sic
582 515 732 594 poterant
754 507 926 571 coniuncta
947 527 1078 570 manere

102 630 165 699 445
190 639 249 680 nec
271 623 379 680 motus
400 615 487 678 inter
508 635 577 676 sese
600 612 675 675 dare
698 611 925 675 convenientis,

102 739 168 806 437
191 721 348 808 diffugere
371 720 447 784 inde
469 719 531 782 loci
552 725 660 802 partes
683 739 815 800 coepere
837 737 994 801 paresque

190 847 264 888 cum
286 823 417 908 paribus
439 821 532 907 iungi
553 843 604 884 res
627 828 661 883 et
683 818 861 882 discludere
884 818 1042 881 mundum

190 927 398 1012 membraque
421 925 564 988 dividere
587 931 621 987 et
643 945 777 1009 magnas
799 922 967 1006 disponere
989 929 1106 1006 partes,

103 1032 169 1112 446
190 1029 251 1094 hoc
273 1037 330 1106 est,
353 1052 373 1093 a
394 1027 488 1092 terris
510 1027 614 1090 altum
637 1047 800 1089 secernere
823 1025 948 1088 caelum

191 1140 225 1196 et
247 1154 370 1196 sorsum
392 1153 480 1195 mare
503 1130 554 1193 uti
575 1137 698 1193 secreto
720 1151 831 1192 umore
853 1136 989 1213 pateret,

191 1258 315 1300 seorsus
337 1235 417 1298 item
440 1233 514 1318 puri
536 1233 714 1318 secretique
737 1233 877 1297 aetheris
899 1233 998 1320 ignes.

171 1362 173 1366 ·
234 1337 364 1422 Quippe
387 1337 509 1400 etenim
530 1336 672 1421 primum
695 1336 793 1400 terrai
815 1359 946 1421 corpora
967 1358 1123 1421 quaeque,

190 1448 360 1526 propterea
383 1439 468 1524 quod
491 1446 583 1502 erant
604 1438 715 1524 gravia
737 1447 771 1502 et
792 1441 953 1524 perplexa,
977 1439 1107 1503 coibant

191 1542 226 1605 in
247 1541 353 1605 medio
375 1548 474 1625 atque
496 1540 578 1603 imas
600 1540 772 1625 capiebant
795 1542 903 1605 omnia
924 1543 1037 1623 sedes;

191 1667 274 1730 quae
297 1652 418 1730 quanto
441 1644 544 1730 magis
566 1644 652 1708 inter
673 1667 707 1708 se
730 1646 882 1730 perplexa
905 1646 1042 1722 coibant,

191 1756 260 1813 tam
282 1748 385 1832 magis
408 1770 590 1832 expressere
613 1770 652 1811 ea
674 1770 756 1832 quae
779 1771 867 1812 mare
889 1749 995 1813 sidera
1016 1750 1116 1813 solem

171 1850 365 1935 lunamque
388 1850 551 1913 efficerent
574 1858 608 1914 et
629 1851 741 1937 magni
762 1851 890 1915 moenia
911 1852 1033 1917 mundi
1110 1930 1113 1935 Ι

191 1954 299 2018 omnia
321 1953 408 2017 enirn
430 1953 534 2039 magis
556 1953 635 2017 haec
658 1976 675 2017 e
698 1954 823 2018 levibus
845 1962 944 2039 atque
966 1954 1117 2019 rutundis

191 2056 368 2120 seminibus
390 2056 558 2140 multoque
580 2056 751 2120 minoribu’
774 2065 852 2121 sunt
875 2058 1045 2123 elementis

192 2182 289 2245 quam
312 2159 416 2223 tellus.
454 2159 535 2236 ide0,
558 2182 708 2244 perrara
722 2161 894 2238 foramina,
918 2170 1022 2226 terrae

190 2262 338 2348 partibus
360 2285 531 2347 erumpens
554 2263 677 2348 primus
699 2287 733 2327 se
756 2266 889 2329 sustulit
911 2266 1025 2329 aether

125 2426 126 2429 ,
191 2365 309 2451 ignifer
331 2366 365 2428 et
388 2366 507 2429 multos
529 2388 638 2430 secum
661 2367 741 2431 levis
763 2368 900 2432 abstulit
922 2370 1015 2456 ignis,

190 2490 256 2531 non
278 2467 342 2531 alia
363 2468 458 2554 longe
481 2468 609 2533 ratione
628 2493 664 2533 ac
687 2493 782 2555 saepe
804 2473 959 2550 videmus,

191 2593 289 2634 aurea
311 2593 384 2634 cum
407 2571 548 2655 primum
570 2575 765 2658 gemmantis
787 2598 857 2640 rore
879 2599 937 2661 per
959 2577 1074 2641 herbas

192 2673 357 2737 matutina
378 2673 497 2738 rubent
518 2675 636 2739 radiati
658 2677 782 2742 lumina
804 2679 879 2743 solis

192 2775 409 2862 exhalantque
432 2777 519 2841 lacus
541 2779 694 2843 nebulam
717 2781 872 2868 fluviique
894 2807 1059 2868 perennes

191 2877 324 2962 ipsaque
346 2887 385 2942 ut
407 2879 571 2944 interdum
593 2883 691 2946 tellus
712 2885 836 2949 fumare
858 2887 1007 2968 videtur3

192 2980 300 3043 omnia
322 3004 404 3066 quae
427 3005 553 3046 sursum
576 3008 650 3049 cum
671 2987 890 3067 conciliantur,
913 2991 948 3054 in
970 2993 1036 3056 alto

192 3106 321 3168 corpore
344 3094 491 3150 concreto
513 3089 693 3154 subtexunt
714 3092 827 3158 nubila
848 3096 982 3161 caelum.

192 3187 238 3252 sic
259 3188 362 3274 igitur
383 3197 455 3253 tum
477 3213 511 3254 se
534 3192 614 3256 levis
635 3216 673 3257 ac
695 3194 843 3261 diffusilis
865 3199 979 3263 aether

192 3312 321 3375 corpore
344 3301 490 3357 concreto
512 3294 728 3362 circumdatus
751 3300 894 3386 undique
910 3304 1006 3388 fleuit

192 3399 227 3456 et
249 3394 315 3458 late
337 3394 473 3460 diffusus
495 3397 530 3460 in
552 3400 656 3464 omnis
677 3401 820 3488 undique
843 3405 944 3489 partis

193 3497 301 3561 omnia
323 3498 368 3562 sic
390 3499 484 3564 avido
507 3503 677 3587 complexu
699 3513 806 3569 cetera
828 3508 955 3593 saepsit.

193 3598 279 3664 hunc
302 3601 432 3665 exordia
453 3612 530 3668 sunt
552 3606 627 3670 solis
650 3607 809 3692 lunaeque
832 3619 951 3688 secuta,

107 3864 200 3926 before,
212 3867 253 3916 for
271 3870 419 3931 omnigenos
436 3887 448 3920 e
464 3872 496 3931 B,
510 3859 653 3936 Omulyeuia
670 3891 682 3924 1
699 3877 802 3927 ANicc.
817 3879 885 3942 vulg.
1013 3881 1062 3930 446
1078 3884 1166 3931 altum.
1199 3898 1322 3944 magnam

107 3946 187 3998 Macr.
296 3952 344 4002 447
355 3967 438 4004 aurore
450 3955 562 4005 Maerob.
575 3957 597 4004 B
611 3972 676 4007 corr.
689 3959 748 4010 Vat.
761 3961 824 4012 3276
840 3962 915 4012 Pont.
927 3963 944 4012 J
945 3966 1001 4013 unt.
1013 3964 1054 4013 for
1067 3980 1144 4014 umor.
1181 3965 1321 4029 humorque

107 4027 177 4077 Nice.
189 4028 259 4078 Flor.
272 4031 303 4078 31
316 4031 405 4082 (lamb.
417 4034 433 4082 4
445 4035 505 4085 Vat.
517 4036 588 4088 Brix.
603 4038 660 4087 Ver.
672 4039 735 4090 Ven.
747 4041 844 4092 Avanc.
916 4045 964 4093 458
981 4061 1005 4094 11
1017 4045 1087 4095 Nicc.
1099 4045 1140 4094 for
1150 4052 1183 4095 et.

140 4113 188 4164 459
204 4115 309 4177 Iguiser.
344 4117 460 4179 Signifer
474 4118 533 4169 Ver.
548 4118 611 4171 Ven.
629 4121 714 4171 A1d.1
732 4123 805 4174 Junt.
825 4124 881 4190 (not
898 4126 975 4189 Mar.)
992 4126 1083 4176 Lamb.
1095 4131 1142 4178 etc.
1160 4141 1194 4175 on
1211 4141 1247 4179 no
1264 4144 1320 4182 ms.

108 4193 249 4258 authority,
262 4195 362 4258 though
378 4197 469 4250 Lamb.
484 4199 576 4263 falsely
588 4216 647 4264 says
662 4203 699 4252 all
714 4219 777 4254 mss.
787 4205 854 4256 have
870 4205 900 4257 it.
1041 4208 1091 4258 460
1106 4208 1154 4257 463
1170 4209 1319 4266 videmur...

107 4276 297 4346 Erlmlcutque.
330 4278 594 4332 videntur...Erclare
611 4282 705 4333 Lach:
724 4284 847 4336 aviolent
861 4286 960 4349 change
971 4287 1056 4337 which
1071 4289 1133 4352 only
1147 4289 1258 4352 impaira
1273 4292 1324 4345 mo

108 4346 204 4420 beauty
215 4357 242 4407 of
259 4357 302 4408 the
313 4373 427 4422 passage.
560 4362 608 4412 468
619 4367 697 4428 flexit
707 4366 786 4417 Lach.
801 4368 842 4417 for
858 4372 965 4433 saepsit:
983 4373 1077 4434 saepsit
1093 4370 1142 4422 has
1158 4385 1232 4423 coma
1248 4373 1331 4439 fron,
