2842 4860
258 428 344 513 quod
366 427 440 491 solis
461 449 560 512 vapor
580 434 722 491 aetatem
745 449 809 490 non
831 449 922 512 posse
945 427 1075 491 videtur

259 532 383 596 efficere
406 553 507 617 usque
529 530 609 594 adeo
631 530 754 615 pellens
776 531 898 594 fervore
922 552 1067 594 corusco:

259 644 351 701 tanto
373 636 520 700 mobilior
541 635 590 700 vis
611 643 645 700 et
668 634 884 699 dominantior
904 635 984 699 haec
1006 642 1062 698 est.

303 741 401 805 Nunc
423 763 462 805 ea
484 763 546 825 quo
568 747 663 826 pacto
684 740 862 827 gignantur
884 748 917 804 et
939 739 1061 826 impete
1084 746 1179 803 tanto

258 844 339 908 fiant
361 853 399 908 ut
421 844 544 930 possint
565 843 633 907 ictu
657 842 834 908 discludere
857 843 963 922 turris,

259 947 438 1012 disturbare
461 947 579 1023 domos,
601 946 738 1011 avellere
762 947 854 1034 tigna
876 947 1057 1034 trabesque,

258 1056 292 1113 et
314 1049 514 1113 monimenta
534 1049 639 1112 virum
662 1048 808 1113 demohri
830 1056 928 1134 atque
951 1070 1100 1125 cremare,

257 1153 440 1218 exanimare
462 1153 615 1230 homines,
637 1152 777 1238 pecudes
798 1160 998 1238 prosternere
1021 1152 1149 1239 passim,

258 1267 365 1322 cetera
386 1258 426 1322 de
448 1281 565 1345 genere
588 1258 647 1323 hoc
669 1280 734 1343 qua
755 1257 788 1321 vi
810 1258 913 1322 facere
937 1257 1045 1322 omnia
1066 1257 1199 1343 possint,

258 1362 436 1448 expediam,
458 1385 563 1448 neque
586 1371 615 1428 tc
636 1362 671 1426 in
693 1362 855 1448 promissis
877 1363 971 1448 plura
992 1361 1144 1426 morabor.

300 1467 452 1531 Fulmina
473 1467 599 1554 gignier
621 1491 639 1532 e
662 1467 773 1532 crassis
795 1467 925 1555 alteque
947 1467 1162 1554 putandumst

256 1571 397 1638 nubibus
419 1572 592 1653 extructis;
621 1595 697 1636 nam
719 1574 806 1638 caelo
828 1574 919 1638 nulla
941 1597 1051 1639 sereno

256 1697 315 1739 nec
338 1675 453 1739 leviter
475 1674 581 1739 densis
602 1675 782 1739 mittuntur
803 1675 945 1741 nubibus
967 1699 1129 1762 umquam.

255 1800 331 1841 nam
354 1777 452 1843 dubio
475 1778 586 1863 procul
607 1779 667 1843 hoc
689 1779 759 1844 fieri
781 1779 953 1844 manifesta
974 1779 1068 1845 docet
1090 1802 1159 1860 res3

153 1949 155 1952 Α
256 1880 342 1965 quod
364 1889 435 1944 tum
458 1904 516 1967 per
537 1889 644 1945 totum
667 1890 873 1947 concrescunt
896 1905 971 1948 aera
992 1883 1103 1960 nubea,

255 1984 398 2070 undique
421 1985 472 2048 uti
494 1985 643 2049 tenebras
666 1985 769 2050 omnis
790 1986 979 2051 Acherunta
1001 2009 1129 2051 reamur

256 2088 386 2175 liquisse
409 2098 443 2154 et
466 2112 599 2177 magnas
621 2089 702 2154 caeli
724 2089 898 2176 complesse
922 2113 1089 2155 cavemas:

255 2213 356 2276 usque
379 2191 459 2265 adeo
481 2199 587 2256 taetra
608 2192 791 2256 nimborum
814 2200 908 2256 nocte
931 2201 1038 2257 coorta

256 2294 435 2380 inpendent
457 2303 545 2360 atrae
568 2296 747 2360 formidinis
769 2318 824 2360 ora
846 2319 1001 2382 superne:

256 2421 329 2462 cum
352 2398 528 2462 commoliri
550 2407 726 2484 tempestas
748 2399 886 2464 fulmina
909 2408 1045 2486 coeptat.

256 2510 423 2588 praeterea
445 2525 597 2589 persaepe
619 2503 712 2590 niger
734 2526 859 2590 quoque
883 2526 941 2590 per
962 2526 1050 2568 mare
1073 2503 1213 2582 nimbus,

257 2613 295 2671 ut
317 2605 397 2692 picis
419 2629 437 2670 e
460 2607 547 2671 caelo
570 2605 744 2671 demissum
767 2605 897 2683 flumen,
920 2606 954 2670 in
976 2606 1079 2671 undas

257 2710 302 2776 sic
324 2710 411 2775 cadit
433 2711 565 2776 effertus
587 2710 729 2777 tenebris
752 2711 862 2796 procul
885 2718 919 2776 et
941 2711 1042 2776 trahit
1065 2719 1169 2776 atram

258 2813 447 2879 fulminibus
468 2814 634 2902 gravidam
657 2821 887 2899 tempestatem
910 2821 1008 2899 atque
1031 2813 1187 2900 procellis,

257 2919 388 3007 ignibus
409 2943 446 2985 ac
468 2920 574 2985 ventis
596 2943 669 2985 cum
691 2918 803 3005 primis
825 2918 894 3006 ipse
917 2920 1068 3006 repletus,

258 3023 293 3087 in
315 3032 401 3088 terra
423 3047 548 3111 quoque
571 3032 615 3088 ut>
632 3025 816 3089 horrescant
838 3047 875 3088 ac
898 3030 987 3089 tecta
1009 3023 1183 3109 requirant.

258 3126 303 3191 sic
325 3127 427 3214 igitur
448 3150 563 3213 supera
585 3134 730 3192 nostrum
752 3134 851 3212 caput
873 3148 941 3191 esse
965 3125 1180 3212 putandumst

259 3237 487 3316 tempestatem
510 3231 617 3295 altam.
648 3253 752 3316 neque
776 3229 863 3294 enim
886 3229 1023 3317 caligine
1046 3237 1140 3294 tanta

260 3334 433 3399 obruerent
456 3342 565 3411 terras,
587 3333 650 3398 nisi
671 3332 875 3398 inaedificata
897 3356 1034 3419 superne

172 3527 202 3571 at
213 3521 358 3571 1001000101
369 3520 438 3570 Nico.
450 3521 519 3571 Flor.
533 3522 563 3569 31
576 3520 665 3572 (lamb.
679 3521 764 3584 vulg:
781 3521 829 3571 but
839 3529 868 3571 ut
879 3520 920 3570 for
930 3523 974 3570 abt
986 3519 1009 3570 is
1021 3523 1069 3570 not
1077 3520 1228 3572 Lucretian.
1337 3523 1381 3574 237

169 3606 266 3669 pellem
283 3603 331 3655 Ed.
352 3604 503 3654 1011011000.
538 3606 624 3654 tollens
641 3603 663 3652 A
679 3617 744 3654 corr.
761 3602 832 3654 Nice.
861 3605 960 3667 polleas
976 3602 1068 3653 Lamb.
1085 3603 1154 3665 vulg.
1173 3597 1256 3656 [lach.
1293 3607 1381 3656 collem

176 3687 251 3738 Wak.
382 3687 430 3734 241
447 3688 518 3747 tigna
534 3685 627 3737 Lamb.
642 3686 698 3736 first
715 3688 771 3748 (not
781 3686 851 3736 Flor.
865 3686 907 3746 31)
919 3686 960 3734 101
970 3687 1040 3747 tgna.
1076 3686 1147 3748 lippa
1157 3684 1230 3735 Nice.
1242 3685 1312 3737 later
1322 3702 1382 3738 maa

99 3834 102 3839 .
177 3769 231 3820 and
241 3768 295 3818 eds.
306 3768 392 3818 before
402 3768 493 3820 Lamb.
625 3769 673 3817 242
686 3770 800 3818 demoliri
811 3769 876 3817 Mar.
888 3766 946 3817 Ald.
959 3767 973 3814 1
985 3766 1001 3815 J
1003 3770 1060 3817 unt.
1072 3768 1113 3816 for
1124 3770 1277 3820 commoliri:
1295 3785 1382 3834 propo

177 3852 270 3905 sitions
287 3866 357 3902 seem
374 3852 445 3901 often
462 3854 489 3900 to
506 3850 537 3899 be
554 3850 715 3900 confounded
732 3851 760 3898 in
771 3866 819 3900 our
830 3865 891 3902 mas.
928 3866 1036 3901 cremare
1047 3849 1098 3899 Ed.
1110 3850 1150 3899 101
1161 3853 1227 3901 ciere
1239 3852 1327 3903 which
1337 3853 1383 3904 has

177 3948 212 3985 no
229 3933 365 3996 meaning:
383 3933 428 3983 the
444 3933 494 3983 last
510 3933 607 3992 letters,
619 3932 703 3982 which
714 3948 779 3984 were
796 3949 830 3983 on
847 3933 892 3983 the
909 3932 1010 3984 outside
1024 3933 1128 3996 margin
1139 3933 1168 3984 01
1181 3932 1238 3983 this
1249 3933 1295 3985 the
1307 3934 1383 3987 259111

176 4029 240 4077 page
257 4015 284 4063 01
300 4013 344 4063 the
361 4013 506 4077 archetype,
518 4030 581 4064 were
597 4015 656 4064 lost.
692 4018 800 4065 10000010
815 4014 894 4065 Lach.
910 4015 951 4064 101
967 4017 1131 4064 monimenta:
1149 4014 1276 4065 aviolent
1287 4016 1384 4080 change

175 4094 261 4145 which
277 4095 392 4159 destroys
409 4096 454 4145 the
470 4095 552 4146 whole
569 4097 637 4146 force
654 4097 682 4146 01
697 4097 741 4147 the
757 4112 871 4159 passage.
1008 4097 1056 4145 245
1073 4103 1097 4146 te
1114 4094 1196 4146 added
1213 4097 1248 4161 by
1265 4097 1384 4148 1110131

178 4178 268 4228 (lamb.
280 4178 356 4227 Pont.
368 4178 433 4228 Mar.
556 4177 603 4227 246
614 4181 713 4240 gignier
723 4179 789 4229 Mar.
803 4177 861 4228 Ald.
874 4178 888 4225 1
901 4178 975 4227 Junt.
988 4178 1029 4227 101
1038 4180 1119 4240 gigni.
1154 4193 1221 4228 nuac
1232 4181 1308 4242 gigni
1318 4179 1385 4231 Flor.

177 4262 208 4310 31
220 4261 308 4312 Gamb.
344 4263 434 4311 crassis
445 4260 515 4310 Nicc.
528 4262 568 4310 101
579 4264 673 4314 classic.
790 4261 1126 4313 2501001001101100.
1238 4263 1288 4316 257
1299 4263 1386 4315 denia

174 4359 228 4392 ram
238 4345 335 4406 flamen
350 4343 424 4392 Junt.
441 4343 481 4391 101
498 4344 627 4392 dimissum
645 4346 751 4407 srtlmea.
798 4344 929 4392 demissum
940 4345 1038 4406 fulmen
1054 4342 1120 4391 Mar.
1137 4342 1237 4395 Avario.
1255 4342 1388 4397 which&

173 4427 293 4492 repeated
309 4443 339 4478 as
355 4443 371 4477 0
388 4427 530 4477 correction
547 4431 576 4478 at
593 4427 637 4478 the
654 4427 704 4477 end
721 4428 749 4477 01
763 4428 805 4476 his
822 4428 941 4478 Catullus
957 4426 1010 4478 and
1025 4430 1097 4477 must
1116 4426 1147 4477 be
1166 4441 1183 4476 a
1200 4424 1331 4491 miapdnt
