2842 4860
732 251 750 314 I

191 447 193 450 ⁴
224 412 310 498 quod
334 412 362 476 si
386 413 470 476 facta
494 411 577 476 foret
601 409 690 474 silvis
715 408 904 474 abscondita
927 408 1067 488 flamma,

225 538 290 580 non
314 523 444 601 possent
468 515 574 578 ullum
597 522 728 599 tempus
751 513 885 577 celarier
907 513 1008 599 ignes,

226 618 417 683 conficerent
442 617 535 702 volgo
560 617 664 693 silvas,
689 616 821 681 arbusta
844 623 1031 681 cremarent.

226 722 334 786 iamne
356 720 447 785 vides
469 720 578 806 igitur,
599 719 696 804 paulo
718 718 807 805 quod
830 719 972 783 diximus
998 726 1084 792 ante,

226 825 395 912 permagni
420 826 537 889 referre
562 823 676 889 eadem
700 823 875 909 primordia
898 845 993 908 saepe

227 950 301 992 cum
327 927 445 1013 quibus
469 935 503 992 et
525 927 615 1014 quali
637 927 783 1012 positura
805 926 1033 990 contineantur

228 1044 262 1097 et
287 1054 368 1118 quos
389 1032 475 1097 inter
498 1032 635 1097 sedent
659 1040 766 1096 motus
789 1030 1025 1116 accipiantque,

227 1144 326 1220 atque
350 1135 463 1199 eadem
487 1136 583 1220 paulo
607 1135 693 1199 inter
715 1156 749 1199 se
773 1142 902 1199 mutata
925 1155 1031 1198 creare

229 1238 319 1322 ignes
342 1246 377 1302 et
399 1238 549 1323 lignum?
572 1261 637 1324 quo
662 1247 757 1325 pacto
781 1239 880 1303 verba
902 1259 1031 1324 quoque
1055 1237 1126 1322 ipsa

229 1344 315 1408 inter
338 1365 372 1408 se
395 1344 491 1429 paulo
515 1343 651 1409 mutatis
676 1350 752 1408 sunt
776 1343 957 1420 elementis,

229 1471 304 1512 cum
328 1447 416 1533 ligna
438 1456 536 1533 atque
559 1449 650 1533 ignes
672 1447 826 1513 distincta
847 1468 924 1512 voce
948 1454 1105 1511 notemus.

230 1553 369 1639 denique
391 1553 458 1618 iam
481 1576 703 1639 quaecumque
726 1553 761 1616 in
785 1553 881 1617 rebus
906 1551 1010 1616 cernis
1034 1549 1156 1635 apertis

229 1656 257 1721 si
280 1655 350 1721 fieri
373 1679 438 1721 non
462 1679 554 1742 posse
580 1666 684 1743 putas,
708 1656 788 1741 quin
811 1655 960 1720 materiai

229 1781 360 1845 corpora
383 1760 542 1824 consimili
569 1768 685 1824 natura
708 1758 856 1844 praedita
879 1757 990 1843 fingas,

229 1863 290 1927 hac
313 1863 440 1928 ratione
464 1862 528 1928 tibi
550 1870 690 1948 pereunt
712 1861 889 1947 primordia
910 1882 1035 1924 rerum:

229 1969 287 2032 fiet
311 1966 363 2031 uti
388 1967 455 2032 risu
481 1967 621 2031 tremulo
644 1989 798 2032 concussa
822 1965 1016 2031 cachinnent

231 2078 264 2136 et
287 2070 427 2135 lacrimis
450 2070 540 2134 salsis
564 2078 732 2135 umectent
757 2092 812 2134 ora
834 2090 1005 2154 genasque.

274 2173 373 2238 Nunc
396 2195 456 2257 age
481 2173 569 2258 quod
594 2180 739 2258 superest
765 2194 917 2257 cognosce
940 2180 975 2236 et
998 2170 1115 2236 clarius
1136 2169 1220 2235 audi

230 2298 290 2341 nec
313 2298 367 2341 me
388 2275 490 2340 animi
514 2275 599 2340 fallit
621 2298 720 2361 quam
744 2275 809 2339 sint
833 2274 988 2356 obscura3
1020 2273 1077 2338 sed
1100 2273 1166 2338 acri

231 2378 387 2465 percussit
410 2378 520 2463 thyrso
544 2379 649 2443 laudis
672 2400 745 2464 spes
769 2399 887 2464 magna
909 2399 1021 2441 meum
1043 2399 1098 2441 cor

232 2491 266 2547 et
291 2481 389 2545 simul
413 2481 549 2546 incussit
574 2503 706 2545 suavem
730 2481 776 2544 mi
800 2481 835 2544 in
860 2488 975 2565 pectus
1000 2502 1143 2545 amorem

232 2607 406 2662 musarum,
429 2607 494 2671 quo
518 2607 605 2650 nunc
631 2585 804 2650 instinctus
827 2593 938 2650 mente
960 2583 1087 2671 vigenti

228 2688 303 2753 aria
327 2688 494 2752 Pieridum
517 2711 650 2774 peragro
673 2689 742 2754 loca
765 2689 887 2753 nullius
912 2696 990 2754 ante

231 2792 310 2857 trita
332 2791 409 2857 solo.
451 2791 544 2857 iuvat
566 2793 709 2878 integros
732 2791 882 2856 accedere
906 2792 1005 2856 fontis

232 2903 330 2981 atque
354 2894 491 2972 haurire,
514 2896 670 2981 iuvatque
693 2918 792 2960 novos
817 2895 986 2980 decerpere
1012 2895 1106 2960 flores

232 2999 457 3084 insignemque
481 3021 553 3063 meo
576 2999 676 3084 capiti
698 3007 810 3084 petere
833 2999 910 3064 inde
934 3021 1085 3063 coronam

232 3103 319 3167 unde
344 3102 435 3187 prius
459 3103 542 3166 nulli
565 3102 704 3168 velarint
727 3111 875 3187 tempora
898 3124 1029 3183 musae;

233 3207 483 3293 primumquod
507 3208 634 3292 magnis
660 3207 757 3272 doceo
781 3206 821 3272 de
844 3208 942 3271 rebus
966 3216 999 3271 et
1023 3207 1103 3272 artis

233 3310 427 3396 religionum
453 3311 599 3375 animum
623 3310 716 3375 nodis
739 3310 901 3375 exsolvere
926 3332 1034 3395 pergo,

234 3413 351 3478 deinde
375 3413 461 3499 quod
485 3416 619 3479 obscura
645 3414 685 3479 de
709 3437 743 3479 re
766 3423 836 3479 tam
858 3414 965 3479 lucida
988 3437 1094 3501 pango

235 3517 385 3596 carmina,
408 3541 538 3583 musaeo
562 3518 751 3604 contingens
775 3527 892 3583 cuncta
914 3519 1031 3604 lepore.

234 3619 269 3684 id
294 3642 422 3706 quoque
448 3621 537 3685 enim
561 3636 627 3686 no'n
650 3622 692 3686 ab
717 3621 809 3687 nulla
833 3621 959 3686 ratione
983 3622 1131 3702 videtur3

236 3725 292 3790 sed
318 3726 421 3790 veluti
446 3726 555 3811 pueris
581 3726 748 3791 absinthia
773 3734 880 3793 taetra
905 3728 1074 3792 medentes

237 3852 311 3894 cum
334 3828 409 3894 dare
432 3839 598 3909 conantur,
621 3831 711 3916 prius
733 3853 804 3896 oras
826 3831 942 3915 pocula
963 3831 1084 3895 circum

150 4053 217 4103 alter
233 4052 304 4102 Nice.
321 4056 369 4103 eto.
532 4056 581 4106 909
598 4056 777 4104 contineantur
794 4054 906 4115 Nauger.
926 4052 966 4101 for
983 4052 1172 4112 coutinparrtur,
1195 4049 1261 4099 alter
1279 4049 1357 4104 Pont.

150 4133 318 4197 apparently3
346 4134 385 4184 for
416 4134 545 4184 Victorius
572 4135 601 4184 in
627 4135 671 4184 his
699 4133 753 4184 2nd
779 4148 845 4198 copy
872 4133 900 4182 of
930 4133 996 4183 Ven.
1024 4146 1107 4181 seems
1134 4135 1162 4181 to
1190 4130 1272 4195 imply
1299 4131 1360 4182 that

151 4217 372 4269 constutonenos
381 4216 425 4268 the
437 4217 493 4267 first
505 4216 611 4266 weshle
622 4232 680 4267 own
692 4230 769 4267 error.
862 4216 910 4265 912
922 4222 947 4264 et
957 4215 980 4263 B
989 4229 1054 4264 corr.
1066 4213 1141 4262 Wuk.
1153 4213 1194 4262 lor
1205 4228 1226 4262 e.
1309 4214 1359 4265 918

152 4304 211 4353 Hor
222 4298 294 4349 Nico.
305 4299 327 4348 B
340 4314 404 4350 corr.
417 4301 457 4349 lor
467 4302 549 4351 Haec.
650 4301 698 4351 919
709 4301 750 4348 uti
760 4301 816 4349 risu
828 4300 931 4348 tremulo
938 4297 1010 4348 Nico.
1023 4298 1063 4347 lor
1073 4298 1149 4346 utirr's
1160 4303 1189 4345 ut
1200 4297 1306 4345 aemulrr.

185 4384 364 4436 tarantarum.
398 4386 493 4434 animos
505 4383 596 4434 Lamb.
609 4381 706 4434 Greech
717 4383 784 4434 alter
793 4380 948 4433 Lactantius
959 4380 1021 4432 inst.
1039 4395 1050 4431 1
1066 4381 1104 4431 16.
1139 4379 1201 4429 Pius
1217 4386 1359 4441 seys‘mo-
