2842 4860
615 256 646 320 V

113 428 206 486 tanto
229 421 348 508 quique
371 419 475 507 magis
497 419 602 486 victus
624 419 745 483 fateare
767 424 927 482 necessest

113 524 250 588 exitium
273 546 401 609 quoque
423 532 583 588 terrarum
606 522 750 607 caelique
773 523 928 585 futurum.

113 648 190 690 narn
212 650 286 691 cum
308 650 359 691 res
381 627 483 691 tantis
505 615 625 691 morbis
647 626 812 711 tantisque
834 624 962 710 periclis
1170 636 1231 706 345

112 735 360 814 temptarentur,
381 730 429 793 ibi
451 729 477 793 si
500 729 623 793 tristior
643 729 843 794 incubuisset

112 854 216 909 causa,
238 832 353 896 darent
375 834 440 897 late
463 833 587 897 cladem
609 855 807 919 magnasque
829 831 945 896 ruinas.

112 956 172 997 nec
194 935 318 999 ratione
340 936 405 999 alia
426 936 577 999 mortales
600 957 667 998 esse
690 934 845 1011 videmur,

113 1035 199 1099 inter
220 1059 278 1101 nos
300 1038 362 1102 nisi
385 1039 470 1125 quod
492 1038 612 1103 morbis
633 1039 848 1125 aegrescimus
869 1037 972 1101 isdem
1056 1093 1058 1097 .

113 1146 212 1223 atque
234 1139 283 1203 illi
305 1163 384 1226 quos
406 1164 426 1205 a
447 1141 516 1205 vita
537 1150 655 1206 natura
675 1142 819 1206 removit.
1170 1152 1233 1219 350

156 1242 326 1307 Praeterea
348 1266 569 1329 quaecumque
592 1252 726 1307 manent
747 1251 880 1307 aeterna
900 1248 1065 1306 necessust

112 1354 179 1424 aut,
201 1347 278 1431 quia
299 1356 376 1411 sunt
398 1347 498 1411 solido
521 1370 595 1411 cum
617 1368 754 1431 corpore,
776 1366 926 1430 respuere
948 1345 1033 1408 ictus

113 1470 172 1512 nec
194 1458 363 1534 penetrare
385 1449 455 1535 pati
477 1449 540 1513 sibi
562 1449 734 1534 quicquam
757 1448 843 1534 quod
865 1456 964 1533 queat
986 1455 1072 1512 artas

114 1551 283 1617 dissociare
306 1554 395 1617 intus
416 1553 527 1638 partis,
549 1561 587 1615 ut
610 1551 759 1615 materiai

114 1676 245 1739 corpora
266 1664 343 1721 sunt
366 1678 502 1740 quorum
525 1663 677 1718 naturam
699 1653 898 1718 ostendimus
920 1661 1005 1730 ante,
1171 1671 1188 1734 3
1195 1667 1209 1734 5
1216 1667 1231 1734 5

116 1764 174 1819 aut
196 1756 268 1820 ideo
290 1757 405 1821 durare
428 1765 570 1821 aetatem
593 1779 684 1843 posse
706 1779 764 1842 per
786 1779 923 1834 omnem,

115 1861 284 1947 plagarum
307 1863 383 1947 quia
405 1871 482 1926 sunt
505 1862 658 1948 expertia,
680 1862 764 1926 sicut
785 1862 882 1925 inane
904 1868 954 1926 est

115 1965 202 2048 quod
223 1974 334 2030 manet
357 1967 516 2031 intactum
539 1989 644 2051 neque
666 1967 708 2030 ab
729 1966 798 2031 ictu
819 1965 968 2052 fungitur
988 1963 1101 2039 hilum,

116 2076 174 2131 aut
197 2069 296 2133 etiam
319 2070 396 2155 quia
417 2071 508 2134 nulla
529 2069 590 2133 loci
612 2069 650 2133 fit
673 2068 764 2155 copia
786 2068 915 2145 circum,

116 2194 179 2256 quo
202 2173 294 2258 quasi
314 2196 365 2237 res
387 2173 510 2258 possint
532 2172 694 2236 discedere
717 2172 922 2257 dissoluique,

116 2274 200 2338 sicut
222 2299 421 2340 summarum
444 2299 571 2340 summa
593 2284 642 2340 est
664 2284 796 2339 aeterna
818 2298 923 2360 neque
946 2283 1039 2339 extra

117 2377 174 2461 qui
196 2378 284 2442 locus
306 2387 355 2443 est
378 2402 441 2465 quc
464 2379 623 2443 dissiliant
645 2402 750 2464 neque
773 2402 903 2464 corpora
925 2386 1001 2443 sunt
1024 2399 1106 2463 quae

117 2483 239 2566 possint
262 2483 402 2547 incidere
425 2491 459 2547 et
481 2483 588 2547 valida
609 2481 780 2546 dissolvere
803 2482 906 2568 plaga

115 2594 150 2650 at
172 2609 285 2673 neque,
309 2588 360 2651 uti
382 2587 485 2663 docui,
507 2587 607 2650 solido
629 2609 703 2650 cum
727 2608 855 2671 corpore
878 2585 994 2648 mundi

115 2697 270 2766 naturast,
294 2691 445 2775 quoniam
468 2689 682 2754 admixtumst
704 2689 739 2753 in
761 2690 857 2753 rebus
879 2689 986 2762 inane,
1173 2689 1232 2767 365

117 2813 176 2855 nec
199 2800 309 2856 tamen
332 2802 381 2857 est
403 2801 441 2857 ut
463 2793 567 2870 inane,
589 2816 695 2878 neque
718 2801 829 2857 autern
852 2815 983 2877 corpora
1005 2791 1131 2866 desunt,

118 2918 158 2960 ex
180 2897 307 2962 infinito
330 2921 412 2984 quae
434 2898 557 2984 possint
580 2899 661 2962 sorte
683 2906 791 2961 coorta

118 3021 263 3065 corruere
285 3001 368 3066 hanc
390 3025 497 3066 rerum
519 3001 661 3066 violento
683 3001 813 3065 turbine
836 3022 995 3064 summam

119 3111 177 3167 aut
199 3104 296 3168 aliam
319 3106 465 3190 quamvis
487 3105 610 3168 cladem
632 3104 795 3189 inportare
817 3103 937 3188 pericli,
986 3092 988 3096 ’

119 3229 178 3270 nec
200 3230 292 3292 porro
314 3217 433 3273 natura
454 3208 515 3272 loci
537 3208 743 3292 spatiumque
765 3206 916 3292 profundi

54 3357 63 3370 ,
119 3308 237 3387 deficit,
260 3311 407 3397 exspargi
430 3334 493 3396 quo
515 3310 638 3395 possint
660 3310 788 3374 moenia
809 3310 931 3387 mundi,

119 3421 177 3477 aut
199 3414 263 3478 alia
285 3414 398 3499 quavis
420 3422 554 3499 possunt
576 3413 609 3478 vi
631 3415 725 3499 pulsa
746 3413 857 3499 perire.

120 3515 201 3580 haut
223 3515 325 3602 igitur
345 3515 405 3580 leti
426 3518 592 3602 praeclusa
613 3525 663 3581 est
685 3517 784 3580 ianua
805 3518 892 3581 caelo

120 3641 179 3683 nec
201 3620 260 3683 soli
282 3628 449 3705 terraeque
472 3642 577 3704 neque
600 3619 675 3683 altis
697 3620 843 3704 aequoris
865 3619 969 3696 undio,

121 3723 178 3787 sed
199 3731 291 3808 patet
313 3723 448 3787 immani
470 3730 504 3787 et
526 3732 617 3787 vasto
638 3731 800 3808 respectat
822 3721 923 3787 hiatu.

121 3849 218 3912 quare
241 3827 340 3890 etiarn
362 3827 475 3891 nativa
495 3834 693 3892 necessumst
715 3826 887 3891 confiteare

120 3930 200 3996 haec
222 3931 353 4011 eadem3
382 3953 487 4016 neque
510 3930 606 4007 enim,
628 3929 757 3993 mortali
779 3951 908 4015 corpore
931 3949 1013 4013 quae
1036 3932 1113 3990 sunt

33 4154 106 4207 Brix.
119 4153 179 4204 Ver.
191 4154 254 4204 Ven.
265 4154 341 4206 wak.
455 4154 503 4205 349
519 4155 597 4203 isdem
613 4152 675 4202 Pius
691 4152 720 4201 in
736 4155 821 4211 notes,
832 4149 926 4201 Lamb.
938 4149 979 4199 sor
989 4149 1055 4197 idem
1065 4145 1150 4196 which
1161 4146 1243 4198 Lech.

34 4238 127 4300 keeps:
145 4236 287 4288 00011693.
315 4235 396 4286 Lech.
408 4249 461 4286 was
472 4234 517 4285 the
527 4235 584 4285 first
595 4235 623 4284 to
634 4233 690 4297 join
700 4237 768 4284 iuter
778 4249 822 4283 nor
833 4232 896 4281 with
907 4230 976 4280 what
987 4230 1094 4281 follows.
1154 4230 1203 4280 359
1208 4231 1243 4293 fit

34 4319 116 4370 Lach.
133 4319 190 4368 first
206 4318 247 4368 for
263 4321 306 4368 att.
421 4319 469 4370 367
486 4324 571 4368 coorta
581 4316 648 4368 Mur.
660 4315 719 4366 alu
731 4314 832 4365 1111111.
844 4314 886 4364 for
901 4320 1010 4376 roperta.
1117 4309 1165 4360 368
1184 4312 1242 4360 Ocr-

32 4417 117 4453 rucre.
148 4401 270 4451 Prorucre
287 4399 379 4450 Lamb.
397 4400 447 4455 etc.
560 4399 610 4453 ³75
632 4398 746 4451 imni.
786 4398 892 4448 immam
911 4394 1001 4444 Bruno
1020 4393 1038 4443 1.
1059 4392 1077 4444 1.
1097 4408 1123 4454 p.
1142 4393 1187 4442 10:
1209 4392 1244 4442 hc
