2842 4860
740 242 770 304 V

238 401 393 466 confluxit
415 399 522 486 gravis
544 407 578 464 et
600 399 746 463 subsedit
768 399 914 464 funditus
936 407 975 464 ut
997 401 1088 479 faex;

239 505 314 569 inde
336 526 424 568 mare
447 503 522 566 inde
545 525 600 566 aer
621 503 697 567 inde
719 503 832 566 aether
853 503 971 589 ignifer
992 504 1061 589 ipse

239 608 422 694 corporibus
443 606 575 693 liquidis
596 614 673 670 sunt
695 607 803 670 omnia
824 628 906 691 pura
927 607 1047 682 relicta,

240 721 274 778 et
296 713 416 776 leviora
437 711 509 775 aliis
531 710 602 786 alia,
625 717 659 773 et
681 708 913 794 liquidissimus
935 710 1049 774 aether

239 825 338 902 atque
360 814 541 880 levissimus
563 812 665 876 aerias
687 834 784 897 super
805 811 914 875 influit
936 835 1039 889 auras,

239 943 299 984 nec
320 918 481 1003 liquidum
504 939 617 1002 corpus
639 915 847 979 turbantibus
869 915 951 980 aeris
973 915 1060 979 auris

240 1021 445 1099 commiscet3
475 1020 552 1083 sinit
574 1019 654 1083 haec
676 1019 825 1082 violentis
848 1019 955 1083 omnia
976 1019 1061 1083 verti

241 1123 434 1199 turbinibus,
457 1122 534 1187 sinit
556 1122 688 1186 incertis
710 1123 840 1186 turbare
862 1123 1017 1207 procellis,

164 1247 190 1275 ν
241 1226 309 1311 ipse
332 1248 405 1289 suos
427 1224 512 1311 ignis
535 1233 621 1288 certo
643 1225 706 1288 lert
727 1225 849 1310 impete
872 1226 990 1290 labens.

241 1353 318 1395 nam
339 1329 464 1393 modic'e
487 1329 587 1393 fluere
609 1337 708 1413 atque
730 1351 795 1392 uno
817 1349 909 1413 posse
931 1330 1065 1394 aethera
1085 1330 1159 1393 nisu

242 1432 402 1520 significat
425 1433 552 1508 Pontos,
575 1454 663 1494 mare
685 1439 773 1495 certo
795 1432 881 1516 quod
903 1432 976 1496 fluit
999 1441 1091 1498 aestu

241 1560 344 1601 unum
366 1536 496 1600 labendi
518 1559 707 1600 conservans
729 1558 831 1621 usque
853 1545 1005 1602 tenorem.

286 1641 444 1724 [Motibus
466 1649 625 1705 astrorum
647 1664 733 1705 nunc
756 1664 838 1726 quae
861 1642 905 1707 sit
927 1666 1023 1707 causa
1045 1666 1205 1708 canamus.
1239 1722 1241 1727 ¹

241 1743 398 1829 principio
421 1767 558 1829 magnus
580 1744 660 1808 caeli
682 1745 710 1808 si
731 1746 871 1810 vortitur
892 1747 985 1823 orbis,

242 1871 282 1912 ex
304 1855 441 1933 utraque
464 1847 575 1932 polum
597 1848 683 1932 parti
705 1871 850 1933 premere
873 1874 948 1915 aera
968 1852 1061 1916 nobis

242 1951 416 2016 dicendum
437 1959 487 2015 est
509 1959 664 2037 extraque
686 1960 797 2017 tenere
820 1962 854 2018 et
876 1955 1024 2020 claudere
1046 1956 1230 2042 utrimque;

242 2055 318 2120 inde
339 2055 440 2120 alium
463 2078 560 2140 supra
581 2055 681 2120 fluere
703 2064 801 2141 atque
824 2057 992 2130 intendere
1015 2059 1128 2122 eodem

243 2181 306 2244 quo
327 2158 485 2222 volvenda
507 2159 629 2222 micant
651 2160 776 2223 aeterni
797 2161 903 2225 sidera
924 2163 1056 2242 mundi,

242 2270 300 2326 aut
322 2263 422 2326 alium
445 2271 564 2347 supter,
587 2271 698 2327 contra
720 2263 776 2348 qui
798 2264 958 2329 subvehat
980 2265 1098 2342 orbem,

242 2376 281 2431 ut
303 2367 417 2431 fluvios
440 2389 565 2430 versare
587 2376 673 2431 rotas
696 2376 794 2453 atque
817 2368 951 2434 haustra
972 2370 1126 2435 videmus.

243 2478 292 2534 est
315 2470 413 2534 etiam
438 2492 564 2555 quoque
587 2470 638 2534 uti
660 2472 761 2556 possit
784 2473 909 2536 caelum
933 2496 1027 2537 omne
1049 2495 1179 2536 manere

242 2573 278 2638 in
299 2572 447 2648 statione,
470 2581 581 2636 tamen
603 2597 677 2637 eum
700 2575 807 2639 lucida
828 2576 921 2662 signa
943 2578 1105 2657 ferantur;

244 2676 311 2740 sive
334 2675 419 2760 quod
441 2675 557 2740 inclusi
579 2677 684 2762 rapidi
706 2686 783 2741 sunt
805 2678 945 2742 aetheris
967 2687 1076 2744 aestus

173 2809 177 2816 ¹
243 2788 498 2865 quaerentesque
521 2780 607 2844 viam
630 2781 749 2845 circum
771 2790 941 2844 versantur
963 2789 997 2845 et
1019 2781 1111 2868 ignes

242 2884 362 2970 passim
384 2906 442 2969 per
460 2883 544 2947 caeli
565 2884 699 2947 volvunt
724 2882 913 2947 Summania
935 2884 1078 2968 templa;

244 2988 311 3052 sive
333 2987 464 3051 aliunde
486 2986 590 3050 fluens
612 2986 760 3050 alicunde
784 2986 982 3050 extrinsecus
1004 3009 1060 3050 aer

244 3098 351 3155 versat
373 3112 472 3175 agens
494 3089 599 3175 ignis3
628 3089 695 3153 sive
718 3089 780 3174 ipsi
803 3111 929 3173 serpere
951 3097 1086 3174 possunt

245 3217 309 3280 quo
331 3192 487 3278 cuiusque
510 3193 602 3257 cibus
623 3200 716 3256 vocat
738 3199 837 3277 atque
859 3191 979 3261 invitat
1001 3191 1118 3268 euntis,

245 3298 396 3362 flammea
417 3319 475 3382 per
495 3295 621 3361 caelum
643 3296 804 3381 pascentis
826 3318 957 3381 corpora
978 3296 1104 3381 passim.
1307 3312 1369 3381 525

245 3424 322 3465 nam
344 3400 423 3486 quid
445 3401 480 3465 in
502 3399 562 3465 hoe
584 3399 706 3464 mundo
727 3399 771 3464 sit
794 3422 904 3463 eorum
928 3422 1046 3485 ponere
1068 3407 1194 3463 certum

193 3651 240 3700 503
254 3651 401 3699 Commiacet
411 3649 521 3709 Nauger.
533 3648 591 3697 first
603 3648 643 3698 for
656 3648 796 3697 Omnmisci.
864 3650 933 3697 hoec.
948 3649 988 3696 hic
1000 3647 1086 3697 Bentl.
1096 3649 1149 3698 and
1161 3648 1253 3707 Lach.;
1271 3649 1320 3701 but
1332 3669 1376 3704 see

160 3734 235 3780 notes
246 3732 271 3780 2.
401 3731 450 3781 507
466 3731 568 3787 Pontos,
579 3745 647 3779 arare
664 3729 744 3779 Lech.
757 3729 797 3777 for
809 3737 886 3791 ponto
903 3744 979 3778 mare.
1013 3731 1089 3778 Ponti
1105 3746 1173 3779 mare
1190 3731 1267 3781 Pont.
1278 3733 1373 3786 Lamb.

161 3812 201 3861 ed.
215 3813 239 3870 3,
252 3818 350 3861 tautam
364 3826 432 3860 mare
449 3809 489 3859 ed.
503 3811 517 3858 1
529 3809 583 3859 and
593 3812 617 3859 2.
769 3811 899 3860 513-516
915 3809 996 3859 Laeh.
1009 3810 1079 3870 quite
1094 3811 1308 3874 misapprehends
1320 3818 1376 3868 and

161 3893 235 3956 sadly
246 3891 379 3942 mutilatas
396 3891 448 3940 this
463 3905 584 3953 passage:
607 3893 654 3940 513
666 3890 699 3940 he
712 3890 789 3940 reads
804 3893 915 3940 deorsum
930 3890 970 3939 for
986 3894 1077 3949 eodem,
1096 3894 1142 3941 515
1160 3896 1231 3943 Hinc
1248 3895 1289 3944 lor
1305 3901 1375 3956 Aut3

140 3981 146 3994 ·
161 3975 214 4025 and
224 3974 310 4038 places
321 3974 369 4022 514
380 3975 446 4024 after
458 3975 520 4025 516:
538 3978 585 4023 not
597 3989 646 4023 one
657 3975 686 4023 of
696 3974 768 4023 these
778 3972 892 4035 changes
902 3974 949 4023 but
960 3988 1029 4023 mars
1041 3974 1085 4022 the
1097 3989 1179 4024 sense.

194 4058 243 4106 515
260 4059 320 4106 Aut.
353 4058 399 4105 Ast
409 4056 519 4118 Nauger.
531 4057 599 4119 vulg.
612 4056 735 4119 wrongly.
769 4059 814 4119 qui
826 4057 891 4106 Mar.
901 4047 1014 4119 'Naugea
1026 4056 1122 4120 rightly
1133 4058 1173 4106 lor
1184 4061 1249 4121 qaia

195 4140 243 4188 518
261 4139 347 4188 lueida
363 4138 433 4188 Flor.
446 4139 477 4187 31
490 4139 547 4189 Ver.
560 4139 623 4189 Ven.
637 4139 702 4188 Mar.
715 4140 755 4188 for
770 4141 848 4188 lucia.
963 4140 1011 4188 521
1029 4141 1189 4191 Summotis:
1207 4156 1248 4189 ses
1259 4145 1337 4191 notes
1348 4145 1374 4193 1.

161 4222 281 4292 immania
306 4220 402 4270 Orseeh
424 4219 453 4270 in
476 4225 560 4280 notes,
577 4221 657 4271 Lech.
726 4222 803 4272 Pont.
829 4236 889 4284 says
914 4224 1067 4271 ‘rumorosis
1091 4236 1138 4284 pro
1159 4224 1303 4274 immaio’.
1349 4242 1376 4276 ae

161 4303 282 4352 immuta
298 4301 394 4354 Arane.
405 4301 434 4352 in
449 4306 525 4352 notes
535 4308 563 4353 at
574 4303 625 4353 snd
637 4304 666 4351 of
680 4303 805 4361 Catullus,
816 4302 909 4354 hamb.
920 4303 1072 4365 perversely.
1107 4303 1120 4351 I
1137 4317 1200 4352 once
1216 4302 1330 4368 thought
1347 4307 1378 4356 or

160 4401 254 4435 summ
270 4387 340 4435 avia.
450 4386 498 4437 524
515 4389 604 4437 euntis.
638 4388 735 4436 aventis
752 4385 831 4436 Lech.
941 4386 990 4435 530
1006 4402 1074 4436 omne
1090 4386 1112 4434 B
1130 4400 1195 4436 corr.
1208 4386 1274 4437 Mar.
1286 4387 1374 4439 Ald.l
