2842 4860
743 228 793 295 VI

246 397 431 482 perfacilest
453 404 564 461 tamen
587 397 666 461 haec
688 397 827 483 reperire
850 397 1021 482 animoque
1044 395 1153 462 videre

248 500 441 585 omniaque
464 507 558 585 pacto
580 499 661 565 fiant
684 523 823 586 quareve
846 506 1004 578 creentur,

247 625 321 667 cum
343 602 426 666 bene
448 601 593 689 cognoris
614 602 783 666 elementis
806 601 934 666 reddita
957 624 1040 687 quae
1063 601 1138 666 sint.

291 707 389 770 Nunc
409 728 468 792 age
491 728 574 791 quae
596 706 679 770 ratio
701 705 799 770 terrai
820 706 964 770 motibus
986 713 1077 770 extet

248 811 383 897 percipe.
415 819 449 875 et
471 811 506 875 in
528 811 640 897 primis
663 819 782 876 terram
805 812 854 876 fac
876 818 915 875 ut
937 833 1005 875 esse
1028 810 1127 884 rearis

247 922 360 1001 supter
381 915 462 979 item
484 922 523 979 ut
545 937 662 1000 supera
683 915 825 979 ventosis
847 913 991 1000 undique
1014 915 1145 1000 plenam

247 1019 408 1105 speluncis
429 1018 613 1103 multosque
635 1019 723 1083 lacus
745 1019 929 1104 multasque
951 1019 1085 1084 lucunas

247 1124 283 1188 in
303 1123 426 1210 gremio
448 1146 559 1210 gerere
582 1131 616 1188 et
638 1146 735 1210 rupes
757 1123 959 1210 deruptaque
981 1147 1078 1205 saxa3

247 1230 415 1315 multaque
438 1229 499 1293 sub
521 1236 613 1313 tergo
636 1228 735 1293 terrai
757 1228 894 1293 flumina
916 1236 1004 1293 tecta

248 1333 374 1397 volvere
397 1332 430 1396 vi
451 1334 571 1397 fluctus
592 1355 833 1418 summersaque
855 1355 933 1397 saxa
954 1332 1192 1419 putandumst3

247 1436 391 1522 undique
413 1437 500 1500 enim
524 1435 662 1500 similem
685 1458 754 1500 esse
777 1435 828 1500 sui
850 1459 901 1500 res
923 1436 1067 1522 postulat
1086 1437 1164 1522 ipsa

248 1539 299 1605 his
320 1540 422 1628 igitur
443 1541 539 1605 rebus
561 1540 741 1605 subiunctis
764 1541 1003 1627 suppositisque

248 1652 335 1708 terra
356 1666 492 1729 superne
515 1643 627 1708 tremit
650 1643 776 1730 magnis
798 1666 951 1708 concussa
972 1643 1082 1723 ruinis,

248 1748 361 1813 subter
382 1748 439 1812 ubi
461 1747 603 1833 ingentis
625 1748 794 1833 speluncas
816 1747 945 1812 subruit
966 1755 1076 1829 aetas3

249 1852 368 1938 quippe
391 1852 512 1917 cadunt
535 1851 598 1916 toti
620 1858 747 1916 montes
769 1874 951 1938 magnoque
973 1859 1106 1937 repente

248 1979 402 2021 concussu
425 1957 491 2021 late
514 1957 698 2042 disserpunt
720 1956 796 2021 inde
819 1965 980 2022 tremores.

249 2069 283 2125 et
305 2061 430 2138 merita,
453 2061 604 2146 quoniam
626 2062 764 2147 plaustri
787 2085 941 2127 concussa
962 2070 1161 2127 tremescunt

249 2171 337 2229 tecta
358 2163 444 2227 viam
467 2172 599 2250 propter
620 2188 685 2230 non
707 2188 826 2252 magno
848 2165 989 2251 pondere
1012 2173 1090 2244 tota,

248 2291 308 2332 nec
330 2267 437 2330 minus
460 2267 617 2343 exultant,
640 2275 679 2330 ut
704 2290 839 2354 scrupus
861 2290 1001 2354 cumque
1024 2267 1089 2332 viai

249 2374 382 2437 ferratos
404 2371 570 2457 utrimque
593 2380 736 2436 rotarum
759 2372 900 2436 succutit
923 2372 1022 2437 orbes,

249 2479 289 2542 fit
311 2499 448 2563 quoque,
470 2476 528 2541 ubi
548 2476 583 2540 in
604 2499 738 2563 magnas
760 2484 863 2563 aqiiae
886 2484 1057 2563 vastasque
1080 2477 1215 2543 lucunas

249 2583 345 2670 gleba
366 2588 530 2646 vetustate
553 2603 571 2645 e
595 2588 682 2645 terra
703 2581 902 2667 provolvitur
923 2581 1046 2669 ingens,

248 2696 287 2753 ut
309 2688 448 2752 iactetur
470 2709 573 2771 aquae
596 2687 698 2751 fluctu
721 2708 848 2772 quoque
871 2694 960 2751 terra
983 2685 1156 2766 vacillans;

163 2917 261 2967 Acorr.
294 2915 414 2977 aquatilis
425 2912 617 2962 110131Μ11.
630 2912 704 2962 lunt.
803 2913 852 2962 533
862 2913 933 2976 ficut
944 2912 1010 2962 Mar.
1022 2911 1081 2962 Ald.
1094 2912 1108 2960 1
1121 2911 1195 2963 lunt.
1208 2913 1250 2964 for
1255 2916 1352 2978 fluant.

196 2999 244 3049 536
262 3005 353 3047 terram
368 2995 438 3044 Flor.
450 2994 481 3043 31
498 2993 647 3045 (lambeta.
667 2994 708 3043 for
726 3001 815 3044 leuas.
946 2995 995 3046 537
1012 3010 1103 3058 supera
1118 2994 1217 3045 Avanc.
1235 2995 1277 3046 lor
1293 3014 1373 3062 siper.

163 3097 240 3147 supra
256 3087 292 3130 est
309 3079 374 3129 Mar.
392 3078 466 3128 Junt.
483 3077 607 3142 supera’st
623 3077 714 3128 Lamb.
727 3081 775 3128 etc.
808 3080 916 3128 ventosis
933 3077 1008 3127 Wak.
1020 3077 1061 3127 for
1077 3079 1167 3137 1111111,
1180 3078 1306 3141 ‘egregie’
1318 3095 1376 3144 says

162 3164 243 3215 Lech.
254 3163 343 3228 jusbly.
474 3161 522 3210 541
540 3175 721 3223 summersaque
735 3176 800 3210 sara
815 3160 884 3209 Flor.
903 3161 933 3209 31
952 3159 1041 3210 (lamb.
1059 3161 1074 3209 3
1091 3159 1151 3210 Vat.
1169 3161 1237 3211 Mar.
1250 3162 1320 3225 vulg.
1337 3163 1375 3212 for

162 3261 345 3298 summersosea.
380 3249 522 3294 ‘summme
539 3251 611 3307 capte
628 3242 674 3293 ie.
691 3243 782 3306 capite.
801 3243 839 3293 sie
854 3244 925 3292 Enn.
948 3244 1081 3306 Capitibus
1097 3250 1217 3293 uutaubes
1230 3244 1323 3308 pinus’
1338 3245 1371 3295 11

163 3327 237 3379 Voss.
249 3326 278 3376 in
289 3341 338 3376 ms.
351 3329 434 3376 notes.
566 3325 614 3374 542
631 3327 737 3374 simibus
752 3324 825 3374 lunt.
837 3325 895 3375 first
906 3324 947 3374 for
960 3327 1050 3374 1111111.
1084 3339 1134 3374 esse
1145 3327 1188 3373 sui
1198 3323 1258 3375 Ald.
1272 3326 1286 3374 1
1299 3326 1373 3378 lunt.

163 3410 203 3460 lor
214 3425 265 3460 ease
275 3411 311 3458 vi.
344 3410 427 3458 simile
438 3423 488 3457 esse
500 3415 524 3457 et
531 3422 583 3470 par
594 3407 659 3456 Mar.
759 3407 807 3456 548
820 3409 933 3470 plaustri
947 3405 1027 3456 Lech.
1039 3407 1080 3455 101
1092 3409 1227 3470 purustris.
1328 3410 1375 3459 5511

163 3496 287 3551 exultant,
298 3500 327 3541 ut
341 3505 444 3555 scupus
455 3506 557 3555 eumque
568 3493 625 3541 viai
636 3488 686 3539 Ed.
698 3490 739 3539 for
750 3491 892 3541 exultantes
905 3493 995 3554 dupuis
1006 3505 1110 3553 cumque
1121 3492 1184 3539 uim:
1204 3504 1246 3540 see
1257 3494 1335 3541 10111
1346 3493 1374 3543 11

163 3578 243 3630 Lech.
255 3572 352 3639 rightly
369 3589 420 3624 saw
435 3573 494 3624 that
508 3575 561 3623 uim
576 3576 664 3623 meant
678 3576 747 3623 viai:
768 3589 796 3623 so
813 3574 862 3624 465
879 3573 931 3623 and
947 3572 995 3622 511
1012 3572 1057 3622 the
1072 3587 1135 3622 mss.
1146 3571 1213 3622 have
1228 3589 1320 3623 mmore
1336 3574 1375 3624 101

163 3663 272 3720 maiorm
290 3658 337 3707 but
349 3656 393 3706 the
408 3659 461 3705 rest
477 3655 505 3705 of
520 3653 562 3704 his
576 3654 682 3717 reading
698 3663 722 3704 et
737 3657 782 3705 ubi
798 3654 860 3718 lapi'
872 3670 973 3718 eumque
989 3669 1072 3704 seems
1087 3656 1115 3703 to
1125 3669 1167 3703 me
1177 3656 1206 3703 to
1216 3658 1320 3716 perverb
1332 3655 1375 3708 1111

164 3739 294 3803 meaning,
304 3752 334 3789 11
345 3739 422 3788 Lucr.
430 3735 453 3787 ls
463 3737 551 3800 giving
562 3741 612 3787 two
624 3734 732 3788 distinct
743 3738 875 3788 instances
883 3738 912 3788 ο1
921 3741 994 3800 grem
1004 3735 1099 3788 results
1107 3738 1175 3787 from
1184 3737 1262 3787 small
1270 3752 1361 3790 causes
1367 3760 1375 3804 ς

164 3824 216 3874 and
232 3823 254 3872 it
270 3817 355 3871 would
371 3820 402 3869 be
419 3835 435 3869 a
451 3819 533 3881 really
548 3820 699 3869 monstrous
713 3817 894 3882 exaggerablon
911 3823 939 3870 to
956 3833 1002 3882 say
1014 3819 1073 3869 that
1088 3818 1183 3868 houses
1198 3818 1280 3869 shake
1291 3819 1320 3870 in
1331 3821 1375 3872 1111

163 3921 220 3969 way
231 3920 246 3954 1
257 3901 371 3964 carriage
382 3900 453 3960 does,
466 3899 540 3950 when
556 3900 600 3950 1111
615 3900 709 3950 wheels
725 3913 769 3951 111
786 3902 874 3952 struck
890 3917 926 3965 up
940 3901 1004 3964 bys
1022 3904 1096 3951 stone
1113 3916 1147 3949 01
1163 3899 1208 3950 the
1225 3901 1298 3951 road.
1332 3905 1375 3952 ubi

163 4003 251 4038 cauus
269 4000 372 4048 meaque
388 4000 477 4048 equum
492 3987 520 4032 ei
536 3984 605 4033 Flor.
617 3985 648 4033 31
662 3983 752 4034 (lamb.
765 3984 817 4034 and
833 3987 848 4034 3
866 3980 939 4035 vau:
960 3985 1007 4035 but
1025 3981 1115 4033 (lamb.
1128 3983 1157 4032 in
1174 3986 1229 4033 text
1245 3984 1299 4034 and
1313 3984 1371 4036 Vai.

165 4069 229 4118 1136
241 4065 335 4116 Othob.
347 4065 376 4114 in
387 4080 467 4127 marg.
479 4064 545 4115 have
557 4066 612 4115 1110
623 4062 668 4114 the
679 4081 728 4115 ms.
737 4065 853 4128 reading.
886 4069 929 4115 ubi
941 4081 1027 4116 merus
1038 4080 1133 4128 cunque
1145 4067 1258 4127 egidium
1267 4069 1295 4115 vi
1308 4067 1372 4118 Mar.

164 4143 392 4199 1111111111
406 4147 429 4196 1.
462 4145 506 4194 ubi
523 4161 610 4196 curren
622 4148 701 4210 sortis
719 4163 808 4211 equum
823 4150 863 4197 uis
879 4147 919 4197 ed.
936 4149 951 4195 2
968 4147 1020 4197 and
1037 4149 1061 4206 3,
1077 4146 1122 4195 the
1134 4148 1212 4211 sortis
1229 4163 1321 4210 equum
1336 4150 1374 4198 111

163 4229 240 4291 being
250 4229 318 4277 from
329 4227 425 4276 Avano.
459 4228 540 4286 aedes,
547 4229 591 4276 ubi
603 4243 705 4291 eumque
715 4231 826 4290 equilum
833 4231 872 4278 uis
884 4228 959 4279 Wak.
993 4231 1047 4279 solu
1057 4229 1221 4290 Pisaeumque
1227 4229 1327 4290 fiuntcc
1337 4230 1371 4282 Is.

163 4311 275 4364 Vossin
286 4314 430 4362 manetes:
442 4310 476 4360 he
487 4310 551 4360 adds
561 4328 616 4362 eum
627 4313 694 4362 after
705 4315 831 4362 Ferratus.
898 4313 946 4363 552
957 4315 1099 4375 iumagaus
1111 4315 1202 4374 egilae.
1229 4316 1374 4374 prognosin

163 4410 244 4459 aquae
256 4392 346 4444 lamb.
358 4393 427 4454 vulg.
439 4392 525 4442 before
536 4392 616 4442 Lech.
715 4395 763 4443 554
774 4396 900 4444 vacillans
910 4395 933 4443 B
945 4408 1009 4444 corr.
1021 4394 1118 4443 Avanc.
1131 4394 1172 4442 for
1181 4396 1300 4444 vacillas.
