2842 4860
174 259 235 338 146
747 253 801 316 III

257 439 396 482 conexae
418 438 523 500 neque
546 437 718 479 consensus
740 414 888 498 contagia
910 413 999 476 fient.

301 520 450 605 Denique
473 542 531 583 cur
551 519 631 583 acris
654 518 809 582 violentia
829 517 922 581 triste
945 518 1077 580 leonum

258 626 430 690 seminium
453 624 607 709 sequitur,
629 625 739 708 volpes
762 622 863 699 dolus
886 630 920 685 et
943 622 1021 705 fuga
1042 641 1160 696 cervos,

258 748 278 786 1
300 746 446 787 iuramus
468 745 572 785 nunna
594 744 632 783 nr
652 743 672 782 A
694 742 823 782 isumus
845 741 944 782 ravon
966 739 1088 781 marran
1110 738 1207 779 rarus

259 837 292 892 et
314 828 379 891 iam
402 836 508 891 cetera
530 826 570 890 de
592 847 709 909 genere
731 826 791 888 hoc
813 846 869 886 cur
892 821 1000 886 omnia
1021 819 1176 884 membris

259 955 298 997 ex
320 933 454 996 ineunte
477 953 555 995 aevo
577 937 790 1015 generascunt
812 928 1016 1013 ingenioque,

259 1035 381 1111 sinon,
403 1042 490 1098 certa
513 1055 569 1097 suo
592 1033 670 1117 quia
692 1032 814 1095 semine
837 1032 1037 1115 seminioque

259 1138 308 1203 vis
330 1138 430 1201 animi
452 1139 573 1222 pariter
594 1136 708 1200 crescit
730 1159 804 1199 cum
827 1158 956 1220 corpore
979 1140 1073 1200 toto?

262 1240 348 1323 quod
370 1240 397 1302 si
419 1237 598 1302 inmortalis
620 1238 702 1301 foret
724 1246 759 1301 et
781 1245 908 1301 mutare
930 1237 1046 1301 soleret

260 1363 398 1426 corpora,
421 1342 588 1427 permixtis
610 1342 791 1405 animantes
813 1340 955 1405 moribus
977 1349 1091 1418 essent,

261 1447 416 1531 effugeret
438 1446 525 1510 canis
547 1446 698 1530 Hyrcano
721 1445 761 1509 de
784 1445 906 1509 semine
929 1467 1024 1528 saepe

261 1549 417 1634 cornigeri
439 1549 603 1612 incursum
627 1549 712 1613 cervi
734 1556 952 1632 tremeretque
974 1570 1032 1632 per
1054 1569 1149 1611 auras

261 1653 343 1717 aeris
366 1653 519 1738 accipiter
541 1651 670 1737 fugiens
694 1652 846 1716 veniente
869 1637 1026 1728 columba,

261 1756 444 1841 desiperent
465 1755 621 1829 homines,
645 1763 794 1839 saperent
817 1755 884 1818 fera
906 1754 1010 1818 saecla
1031 1754 1180 1818 ferarum.

262 1861 343 1924 illud
366 1862 452 1925 enim
475 1861 556 1924 falsa
577 1860 679 1924 fertur
700 1861 833 1935 ratione,
855 1858 941 1944 quod
963 1859 1056 1922 aiunt

262 1965 466 2030 inmortalem
489 1964 630 2028 animam
654 1972 780 2028 mutato
804 1986 932 2049 corpore
955 1963 1051 2028 flecti.

200 2087 206 2096 ’
262 2068 347 2152 quod
370 2075 517 2131 mutatur
539 2068 626 2132 enim
649 2066 841 2143 dissolvitur,
864 2066 978 2131 interit
1001 2088 1094 2150 erg0;

263 2171 455 2235 traiciuntur
478 2170 564 2233 enim
587 2180 695 2255 partes
717 2179 815 2254 atque
839 2169 949 2233 ordine
972 2170 1131 2255 migrant;

263 2297 362 2360 quare
384 2275 516 2338 dissolui
539 2297 666 2359 quoque
689 2275 810 2338 debent
833 2297 924 2359 posse
947 2297 1004 2359 per
1025 2286 1124 2350 artus,

263 2378 402 2463 denique
424 2390 463 2441 ut
484 2378 647 2442 intereant
668 2401 735 2442 una
756 2401 830 2442 curn
854 2400 982 2463 corpore
1005 2389 1148 2441 cunctae.

263 2480 313 2543 sin
336 2480 459 2544 animas
480 2480 649 2543 hominum
672 2481 782 2545 dicent
804 2480 838 2543 in
861 2503 991 2565 corpora
1013 2501 1139 2565 semper

263 2583 309 2647 ire
331 2584 482 2660 humana,
505 2591 617 2646 tamen
639 2605 791 2668 quaeram
813 2605 869 2647 cur
892 2605 910 2647 e
932 2581 1072 2669 sapienti

265 2688 365 2752 stulta
387 2694 486 2772 queat
508 2686 587 2765 fieri,
609 2708 668 2750 nec
690 2687 831 2771 prudens
853 2686 896 2750 sit
917 2709 999 2771 puer
1019 2686 1106 2751 ullus

265 2802 414 2857 nectam
437 2792 551 2857 doctus
574 2814 675 2876 equae
697 2791 807 2876 pullus
830 2813 928 2875 quam
951 2791 1042 2855 fortis
1065 2789 1142 2875 equi
1163 2789 1219 2853 vis.

265 2894 388 2959 scilicet
409 2894 444 2957 in
467 2902 577 2958 tenero
600 2902 798 2958 tenerascere
822 2916 950 2979 corpore
973 2902 1117 2957 mentem

266 2999 460 3083 confugient.
490 2999 574 3084 quod
600 2999 628 3062 si
650 2999 715 3062 iam
737 2999 783 3076 fit,
807 2999 927 3063 fateare
949 3007 1110 3063 necessest

266 3105 436 3168 mortalem
458 3127 526 3168 esse
548 3103 700 3180 animam,
722 3103 875 3188 quoniam
898 3111 1027 3166 mutata
1048 3126 1106 3188 per
1127 3113 1216 3169 artus

267 3216 359 3272 tanto
382 3231 477 3294 opere
500 3209 624 3274 amittit
647 3209 749 3274 vitam
772 3230 967 3291 sensumque
989 3209 1135 3292 priorem.

268 3333 371 3395 quove
393 3312 488 3375 modo
511 3311 630 3396 poterit
652 3311 773 3395 pariter
795 3333 870 3373 cum
892 3331 1022 3394 corpore
1044 3332 1173 3395 quoque

268 3413 455 3479 confirmata
477 3415 624 3500 cupitum
647 3415 763 3479 aetatis
785 3422 917 3499 tangere
939 3414 1050 3478 florem
1324 3431 1392 3497 770

181 3555 276 3605 litteris
286 3557 398 3606 nimium
408 3559 547 3609 recedere’.
652 3561 701 3611 740
719 3575 848 3608 coenemus
860 3558 941 3607 Lach.
955 3559 1131 3607 forrouseusu.
1231 3558 1278 3609 743
1289 3557 1392 3623 rightly

182 3642 291 3705 rejected
307 3642 341 3704 by
356 3641 435 3691 Lech.
453 3641 506 3689 and
522 3641 608 3690 before
624 3640 681 3688 him
697 3641 730 3703 by
746 3655 762 3689 a
779 3639 883 3688 ‘doctus
894 3639 1015 3701 quidam’
1033 3655 1075 3701 ap.
1088 3638 1179 3690 Lamb.
1193 3655 1223 3689 as
1234 3655 1250 3689 a
1260 3640 1391 3693 manifest

183 3725 306 3775 seruastic
322 3726 399 3786 gloss,
418 3723 503 3772 which
519 3723 662 3785 interrupto
680 3737 753 3772 sense
769 3722 822 3771 and
838 3722 1034 3773 construction:
1051 3723 1115 3773 Ven.
1130 3722 1188 3774 Ald.
1208 3723 1231 3780 1,
1247 3727 1294 3772 not
1309 3723 1390 3776 Pont.

182 3803 248 3853 Mar.
262 3818 292 3852 or
305 3803 390 3860 «lunt,
407 3801 469 3851 read
485 3804 564 3851 cervia
581 3803 621 3850 for
637 3817 728 3851 ceruos.
761 3801 853 3850 Lamb.
865 3802 933 3851 dolu'
944 3804 1061 3864 vulpibus
1073 3803 1136 3853 also.
1232 3803 1279 3854 747
1292 3810 1344 3853 toto
1355 3805 1388 3867 B,

183 3900 280 3948 quoque
297 3883 320 3932 A
336 3883 389 3933 und
405 3884 442 3933 all
458 3883 533 3932 other
550 3898 611 3932 mss.
627 3883 680 3933 and
696 3883 739 3932 old
750 3883 803 3932 eds,
840 3887 906 3932 ‘toto
918 3883 1038 3944 praetuli,
1050 3883 1111 3944 quia
1121 3898 1176 3932 non
1186 3898 1294 3946 possum
1305 3886 1390 3936 ullam

182 3971 266 4018 artem
288 3981 424 4028 agnoscere
445 3966 474 4015 in
491 3966 571 4015 simili
586 3966 636 4014 hoc
652 3965 733 4015 trium
748 3965 932 4015 versiculorum
950 3965 1030 4024 exitu,
1047 3968 1203 4028 inuenioque,
1225 3969 1390 4031 seminioque,

183 4065 282 4112 corpore
303 4063 406 4110 quoque.
440 4063 494 4097 non
511 4051 596 4110 potest
614 4051 701 4097 autem
717 4047 832 4096 dubitari
849 4047 912 4109 quin
932 4051 1041 4109 utraque
1061 4048 1189 4110 scriptura
1206 4048 1284 4098 fuerit
1301 4048 1331 4098 in
1350 4067 1391 4101 ar·

184 4131 301 4194 ohetypo’
313 4129 393 4179 Lech.
426 4130 517 4180 Lamb.
531 4131 586 4180 also
597 4130 647 4179 has
658 4137 723 4179 toto:
742 4145 838 4192 quoque
851 4145 933 4179 seems
944 4145 960 4179 a
971 4131 1040 4192 gloss
1051 4131 1119 4179 from
1131 4131 1186 4182 769.
1289 4132 1338 4183 760
1349 4137 1393 4184 εἰη

184 4215 260 4265 Pont.
275 4214 341 4263 Mar.
353 4212 410 4261 Ald.
423 4214 437 4261 l
449 4213 522 4264 Junt.
537 4212 577 4262 for
587 4215 633 4264 uic.
684 4228 787 4275 corporo
798 4213 820 4260 B
832 4227 897 4263 corr.
909 4216 957 4262 etc.
970 4214 1010 4263 for
1021 4230 1129 4277 corpore.
1242 4215 1392 4268 763=7462

185 4298 213 4347 of
228 4311 317 4347 course
333 4310 349 4346 a
365 4296 442 4358 gloss,
461 4294 523 4344 with
544 4311 578 4345 no
598 4295 742 4345 connexion
761 4295 825 4345 with
843 4296 888 4346 the
907 4298 970 4347 text.
1005 4296 1082 4345 Bern.
1096 4295 1212 4346 includes
1230 4296 1278 4349 764
1295 4297 1325 4345 in
1346 4299 1392 4350 the

185 4379 261 4441 gloss,
278 4378 306 4427 in
323 4393 369 4440 my
386 4377 493 4440 opinion
511 4382 558 4428 not
574 4378 680 4442 rightly.
789 4379 836 4430 764
852 4380 937 4442 pullus
954 4378 1023 4428 Nico.
1041 4378 1082 4426 for
1094 4380 1196 4440 paulus.
1297 4381 1346 4431 784
1364 4384 1393 4432 in
