2842 4860
617 263 672 326 III

129 448 169 488 ex
191 424 248 488 illa
270 447 352 510 quae
375 432 446 489 tum
469 424 567 509 periit
588 426 710 510 partita
731 448 789 510 per
810 434 909 491 artus,

129 540 324 616 quapropter
345 552 450 614 neque
472 529 574 592 natali
595 529 722 613 privata
745 529 872 593 videtur

130 656 199 698 esse
222 633 274 697 die
296 641 414 697 natura
436 633 563 696 animae
585 655 645 696 nec
667 633 788 696 funeris
811 654 931 718 expers.

174 736 307 801 Semina
328 744 494 820 praeterea
517 736 705 820 linquontur
726 758 827 799 necne
850 736 970 800 animai

129 864 257 928 corpore
280 842 315 904 in
337 841 509 904 exanimo?
540 841 675 926 quodsi
697 842 863 905 lincuntur
886 851 919 907 et
941 842 1062 919 insunt,

129 945 210 1010 haut
233 945 295 1009 erit
318 953 354 1009 ut
377 945 491 1009 merito
513 944 693 1009 inmortalis
715 945 816 1029 possit
839 945 962 1022 haberi,
1183 959 1245 1026 715

129 1048 275 1134 partibus
298 1048 422 1112 amissis
444 1049 596 1133 quoniam
618 1049 720 1112 libata
742 1049 882 1113 recessit.

130 1153 180 1216 sin
201 1153 249 1217 ita
271 1152 400 1216 sinceris
422 1151 575 1214 membris
597 1151 705 1215 ablata
727 1152 871 1237 profugit

130 1266 168 1322 ut
190 1257 295 1320 nullas
318 1255 419 1341 partis
441 1256 476 1319 in
498 1277 628 1340 corpore
650 1255 782 1340 liquerit
805 1278 844 1319 ex
868 1277 909 1332 se,
1003 1241 1004 1246 ἵ

129 1361 216 1424 unde
238 1360 393 1424 cadavera
415 1360 560 1423 rancenti
582 1359 648 1432 iam
670 1359 790 1423 viscere
813 1382 938 1423 vermes

102 1514 104 1519 ⁴
130 1464 278 1547 expirant
300 1470 398 1546 atque
421 1461 507 1525 unde
530 1461 733 1524 animantum
758 1461 849 1544 copia
871 1468 965 1524 tanta
1187 1478 1253 1541 720

130 1590 204 1631 exos
227 1575 261 1631 et
283 1566 438 1650 exanguis
461 1565 603 1629 tumidos
625 1564 821 1650 perfluctuat
843 1568 955 1628 artus?

129 1670 216 1755 quod
239 1669 266 1750 si
288 1670 370 1734 forte
392 1669 516 1732 animas
539 1668 737 1732 extrinsecus
760 1666 917 1731 insinuari

129 1773 291 1838 vermibus
314 1782 347 1837 et
369 1773 476 1857 privas
498 1773 533 1835 in
556 1795 686 1863 corpure
708 1795 799 1857 posse
822 1772 932 1837 venire

130 1877 232 1941 credis
253 1900 313 1941 nec
335 1885 467 1961 reputas
490 1898 546 1939 cur
569 1877 658 1940 milia
680 1878 785 1941 multa
807 1878 990 1940 animarum

128 1981 322 2046 conveniant
343 1980 430 2044 unde
452 2003 518 2044 una
539 1981 712 2058 recesserit,
734 1981 794 2045 hoc
817 1989 927 2045 tamen
950 1989 999 2046 est
1021 1990 1060 2046 ut
1185 1999 1262 2066 725Ἰ

129 2085 350 2170 quaerendum
374 2084 524 2148 videatur
545 2091 578 2148 et
600 2085 635 2148 in
658 2085 831 2149 discrimen
853 2086 1024 2171 agendum,

129 2197 240 2251 utrum
263 2186 396 2250 tandem
418 2186 545 2250 animae
567 2195 726 2264 venentur
747 2188 871 2252 semina
894 2211 1040 2274 quaeque

128 2289 376 2354 vermiculorum
399 2289 552 2373 ipsaeque
575 2289 636 2353 sibi
659 2290 855 2354 fabricentur
877 2291 934 2354 ubi
957 2290 1031 2368 sint,

128 2417 170 2456 an
193 2393 285 2478 quasi
307 2393 490 2477 corporibus
513 2393 663 2477 perfectis
685 2393 897 2458 insinuentur.

129 2506 164 2560 at
185 2518 291 2580 neque
315 2518 371 2559 cur
393 2495 514 2559 faciant
536 2494 624 2579 ipsae
647 2517 786 2580 quareve
810 2495 958 2560 laborent
1186 2512 1251 2576 730

130 2599 234 2663 dicere
257 2599 451 2684 suppeditat.
475 2621 580 2683 neque
604 2598 700 2676 enim,
725 2598 793 2662 sine
816 2622 944 2684 corpore
967 2622 1041 2663 cum
1062 2608 1148 2680 sunt,

130 2701 283 2766 sollicitae
306 2701 444 2765 volitant
466 2701 584 2765 morbis
606 2688 746 2786 alguque
770 2702 937 2786 fameque3

130 2827 243 2889 corpus
266 2805 351 2868 enim
375 2804 478 2888 magis
500 2805 551 2868 his
574 2804 662 2869 vitiis
684 2804 790 2868 adfine
813 2805 938 2869 laborat

130 2922 163 2976 et
186 2911 271 2975 mala
293 2912 398 2975 multa
419 2911 548 2974 animus
570 2918 706 2995 contage
728 2910 875 2995 fungitur
897 2909 975 2974 eius

130 3015 185 3078 sed
207 3022 318 3077 tamen
340 3014 391 3078 his
414 3021 482 3078 esto
505 3014 652 3100 quamvis
673 3014 777 3077 facere
799 3013 881 3077 utile
905 3034 1026 3098 corpus
1186 3026 1246 3093 735

129 3141 203 3181 cum
226 3118 363 3182 subeant
375 3141 383 3196 ;
412 3124 447 3181 at
469 3140 534 3202 qua
557 3117 681 3201 possint
702 3117 756 3180 via
777 3117 868 3180 nulla
889 3116 1027 3181 videtur.

129 3222 211 3287 hant
233 3222 333 3306 igitur
354 3221 477 3284 faciunt
500 3222 627 3285 animae
650 3221 713 3284 sibi
735 3243 865 3306 corpora
888 3229 921 3285 et
943 3230 1042 3286 artus.

129 3348 187 3389 nec
210 3334 320 3389 tamen
342 3316 391 3388 est
413 3325 508 3409 utqui
530 3325 681 3410 perfectis
702 3324 909 3389 insinuentur

129 3427 331 3512 corporibus;
360 3448 465 3512 neque
488 3427 575 3491 enim
598 3435 752 3512 poterunt
775 3427 939 3512 suptiliter
962 3450 1029 3492 esse

40 3663 106 3696 cens.
204 3645 253 3696 710
270 3652 322 3693 tum
337 3644 407 3694 Brix.
427 3644 485 3693 Ver.
503 3645 566 3693 Ven.
584 3645 681 3708 rightly
698 3645 739 3693 for
756 3651 823 3694 tuac.
876 3646 966 3708 perdit.
983 3647 1082 3708 pcritct
1101 3644 1171 3696 Nico.
1199 3643 1251 3693 and

40 3731 107 3778 later
118 3741 177 3776 mss.
192 3726 243 3775 ond
253 3725 307 3777 eds.
320 3726 405 3774 before
416 3726 492 3774 Pont.
505 3725 580 3775 Junt.
646 3726 695 3778 718
715 3728 748 3774 Ut
765 3727 823 3775 Ver.
841 3726 905 3774 Ven.
922 3725 963 3775 for
978 3728 1023 3774 Et.
1102 3727 1149 3778 723
1162 3729 1252 3789 privos

40 3813 70 3859 in
95 3809 117 3856 B
141 3822 207 3856 corr.
232 3807 272 3855 for
293 3809 372 3870 priva
395 3809 426 3857 si.
539 3809 586 3859 732
612 3808 720 3869 alpcquc
744 3806 836 3856 Lamb.
862 3806 916 3856 and
940 3822 1002 3858 mss.
1029 3808 1057 3856 ol
1082 3807 1184 3856 Nonius
1211 3808 1252 3856 for

41 3894 153 3954 olcoqcc.
256 3892 304 3941 733
330 3892 411 3952 adfine
429 3890 452 3938 A
471 3904 543 3951 pm.
565 3889 595 3954 (l)
628 3892 705 3953 crytae
723 3890 754 3937 Β.
788 3897 812 3938 et
824 3891 878 3952 fine
897 3889 920 3937 A
937 3903 1002 3937 corr.
1022 3889 1107 3940 Nico:
1125 3889 1178 3939 cir.
1195 3890 1252 3939 first

41 3972 157 4022 restored
175 3975 257 4036 adfine
275 3976 302 4022 to
319 3976 389 4023 text:
407 3972 452 4022 the
469 3977 531 4021 noto
546 3973 574 4021 in
589 3973 629 4023 ed.
644 3975 659 4021 3
675 3972 704 4021 of
717 3972 809 4021 Lcmb,
823 3971 845 4019 is
857 3971 984 4033 amusing.
1020 3970 1095 4020 Wak.
1108 3975 1212 4020 returns
1223 3975 1251 4020 to

41 4063 67 4104 ct
76 4057 141 4118 fiac.
239 4054 288 4107 734
304 4061 417 4116 couroye.
451 4056 597 4115 contemtos
613 4052 694 4102 Lech.
800 4052 848 4104 736
867 4054 929 4101 Gom
944 4054 1058 4101 subeant.
1093 4053 1164 4112 Quod
1181 4053 1251 4101 robe-

41 4144 88 4185 aat
105 4151 120 4185 a
137 4135 220 4185 friend
237 4136 265 4185 of
279 4136 393 4197 Faber's,
413 4135 478 4185 both
494 4136 577 4184 Faber
593 4135 646 4185 and
662 4135 750 4185 Bentl.
766 4134 915 4197 approving.
968 4137 1016 4183 Gor·
1032 4152 1053 4184 r.
1069 4135 1146 4185 Bern,
1198 4151 1251 4197 qao

42 4220 107 4270 Mar.
122 4218 178 4268 Ald.
192 4220 206 4266 1
219 4219 234 4266 J
237 4222 293 4266 unt.
305 4219 346 4267 for
357 4233 412 4280 que.
526 4219 573 4268 738
588 4219 663 4279 utqui
674 4217 723 4268 Ed.
737 4218 778 4266 for
788 4224 817 4265 ut
830 4219 942 4280 quicum:
960 4232 1001 4266 see
1013 4220 1088 4266 notos
1100 4219 1115 4264 2
1126 4221 1154 4266 to
1165 4232 1176 4265 1
1188 4218 1249 4267 755:

41 4317 98 4351 cum
116 4316 167 4350 was
185 4300 289 4350 written
307 4315 367 4350 over
389 4302 433 4362 qai
458 4300 492 4362 by
514 4315 585 4349 some
609 4314 659 4349 one
682 4299 740 4349 who
760 4300 804 4349 did
822 4303 869 4348 not
886 4300 1047 4349 understand
1064 4303 1123 4362 qai:
1148 4301 1251 4362 quidam

41 4382 123 4432 Bern.
139 4381 192 4432 and
207 4380 258 4432 nd.
276 4381 305 4430 in
321 4380 361 4430 ed.
380 4382 403 4430 1.
436 4380 517 4430 Lech.
535 4381 628 4443 adopts
644 4380 711 4429 from
727 4380 819 4430 Lamb.
836 4387 866 4430 ct
882 4383 942 4441 iam,
962 4379 1048 4430 which
1064 4378 1097 4429 he
1114 4379 1202 4430 ullows
1221 4383 1251 4430 ‘a

129 4500 164 4547 n
1123 4482 1163 4543 10
