2842 4860
725 240 742 303 Ι

182 438 184 443 ·
219 406 347 472 eredere
365 427 457 491 posse
475 403 631 480 animum,
650 403 754 467 victus
774 404 895 468 fateare
914 412 1075 469 necessest

220 533 288 575 esse
311 532 350 574 ea
371 530 454 594 quae
476 507 574 571 nullis
596 507 662 570 iam
685 505 833 591 praedita
854 507 1001 592 partibus
1024 515 1137 571 extent

220 624 255 680 et
276 613 413 678 minima
435 619 584 676 constent
606 619 731 675 natura.
777 632 860 694 quae
883 612 1037 696 quoniam
1059 620 1146 686 sunt,

221 720 278 783 illa
299 738 427 803 quoque
450 737 518 779 esse
536 714 598 778 tibi
616 714 718 779 solida
738 723 837 800 atque
856 725 988 781 aeterna
1008 716 1188 782 fatendum.

136 882 138 887 .
220 822 361 905 denique
383 819 411 882 si
432 817 584 882 minimas
606 817 642 880 in
664 817 766 902 partis
788 827 905 882 cuncta
926 818 1043 884 resolvi

221 947 334 1012 cogere
354 930 539 988 consuesset
559 944 667 986 rerum
688 931 806 987 natura
828 924 974 1001 creatrix,

221 1032 287 1095 iam
307 1028 355 1092 nil
378 1050 418 1092 ex
435 1026 501 1092 illis
521 1026 634 1090 eadem
655 1048 804 1111 reparare
824 1028 949 1092 valeret

221 1142 393 1220 propterea
414 1130 501 1216 quia,
521 1152 604 1215 quae
625 1131 724 1195 nullis
744 1139 822 1196 sunt
842 1132 990 1217 partibus
1011 1139 1115 1208 aucta,

222 1259 287 1301 non
308 1243 443 1320 possunt
465 1255 607 1318 eaquae
628 1233 725 1298 debet
745 1235 898 1319 genitalis
918 1235 1039 1299 habere

223 1340 384 1416 materies,
404 1338 509 1403 varios
529 1361 669 1404 conexus
689 1340 832 1424 pondera
852 1338 962 1423 plagas

223 1465 394 1509 concursus
416 1450 533 1519 motus,
556 1464 615 1527 per
635 1464 718 1526 quae
741 1463 792 1506 res
814 1463 963 1527 quaeque
985 1449 1149 1528 geruntur.

266 1548 471 1631 Quapropter
492 1545 550 1631 qui
572 1547 741 1610 materiem
764 1568 873 1610 rerum
896 1569 964 1611 esse
987 1555 1148 1632 putarunt

223 1653 333 1737 ignem
356 1658 455 1735 atque
478 1671 518 1712 ex
539 1649 608 1734 igni
628 1670 790 1714 summam
811 1649 985 1714 consistere
1007 1650 1082 1727 solo,

223 1776 341 1840 magno
362 1776 457 1839 opere
478 1776 497 1818 a
516 1776 592 1818 vera
611 1754 694 1839 lapsi
714 1753 839 1818 ratione
862 1754 1022 1818 videntur.

224 1858 410 1924 Heraclitus
431 1858 495 1923 init
518 1881 656 1943 quorum
676 1858 743 1922 dux
765 1857 887 1943 proelia
909 1858 1042 1942 primus,

223 1964 327 2028 clarus
349 1963 385 2028 ob
405 1963 572 2027 obscuram
593 1963 740 2048 linguam
760 1962 864 2048 magis
884 1963 971 2027 inter
990 1961 1097 2025 inanis

224 2065 364 2154 quamde
384 2067 491 2152 gravis
513 2068 600 2131 inter
619 2067 733 2132 Graios
752 2067 810 2153 qui
829 2089 906 2131 vera
925 2066 1105 2151 requirunt.

225 2171 334 2236 omnia
353 2171 441 2235 enim
461 2170 572 2235 stolidi
589 2170 694 2255 magis
712 2170 917 2235 admirantur
934 2180 1120 2256 amantque,

224 2274 360 2339 inversis
380 2296 465 2358 quae
483 2275 544 2338 sub
564 2274 671 2338 verbis
690 2273 860 2339 latitantia
879 2282 1025 2351 cernunt,

225 2399 365 2464 veraque
383 2376 588 2442 constituunt
606 2399 691 2462 quae
710 2377 796 2442 belle
816 2386 953 2464 tangere
973 2388 1109 2462 possunt

224 2482 311 2546 auris
329 2490 363 2546 et
382 2480 491 2566 lepido
510 2504 594 2566 quac
614 2490 692 2546 sunt
709 2482 820 2546 fucata
840 2504 962 2546 sonore.

270 2586 360 2651 Nam
379 2607 436 2648 our
455 2593 524 2649 tam
541 2584 649 2648 variae
669 2607 721 2649 res
740 2585 867 2670 possint
886 2606 954 2649 esse
974 2584 1111 2669 require,

227 2713 267 2754 ex
289 2712 354 2754 uno
374 2690 402 2754 si
422 2698 500 2754 sunt
519 2689 590 2776 igni
608 2711 754 2775 puroque
775 2697 921 2769 creatae;

227 2793 275 2857 nil
294 2793 460 2880 prodesset
481 2795 570 2857 enim
590 2794 732 2857 calidum
753 2794 917 2859 denserier
934 2793 1044 2879 ignem

228 2918 288 2961 nec
307 2896 457 2974 rarefieri,
478 2896 506 2960 si
525 2905 635 2981 partes
655 2896 741 2981 ignis
762 2896 900 2961 eandem
1100 2889 1102 2894 ’

228 2990 378 3065 naturam
401 3022 500 3084 quam
522 3007 612 3064 totus
634 2999 734 3064 habet
757 3022 854 3085 super
875 3000 961 3085 ignis
982 2999 1149 3064 haberent.

228 3104 330 3169 acrior
349 3103 442 3168 ardor
461 3103 549 3167 enim
572 3103 739 3167 conductis
759 3103 908 3188 partibus
931 3111 1025 3179 esset,

228 3207 412 3294 languidior
433 3228 526 3291 porro
546 3205 689 3270 disiectis
701 3197 824 3291 disque
845 3207 992 3291 supatis:

167 3350 173 3361 ·
229 3311 369 3397 amplius
386 3311 447 3374 hoc
466 3311 537 3375 fieri
556 3310 603 3374 nil
624 3311 779 3396 estquod
800 3332 892 3397 posse
913 3311 1013 3375 rearis

230 3416 350 3480 talibus
369 3415 404 3478 in
424 3415 537 3491 causis,
557 3415 680 3478 nodum
701 3415 862 3479 variantia
880 3438 991 3479 rerum

231 3527 325 3585 tanta
342 3526 441 3604 queat
461 3517 569 3582 densis
588 3519 731 3604 rarisque
754 3541 794 3583 ex
815 3518 945 3604 ignibus
967 3541 1045 3582 esse.

231 3623 265 3687 id
288 3645 424 3708 quoque,
445 3622 473 3687 si
495 3623 616 3687 faciant
636 3623 820 3687 admixtum
838 3623 935 3687 rebus
955 3624 1061 3699 inane,
1285 3624 1347 3703 655

232 3727 359 3792 denseri
378 3735 532 3812 poterunt
555 3727 649 3814 ignes
666 3728 796 3812 rarique
816 3726 967 3813 relinqui.

232 3831 288 3895 sed
309 3829 386 3915 quia
405 3829 511 3895 multa
531 3830 594 3894 sibi
615 3838 753 3895 cernunt
771 3831 932 3896 contraria
951 3829 1040 3894 nasci

144 3992 223 4037 stant.
323 3983 371 4032 634
380 3998 443 4045 quae
455 3998 493 4031 res
502 3982 567 4031 Mar.
579 3982 653 4031 runt.
665 3983 705 4032 for
717 3999 780 4046 quas
791 3999 839 4034 res.
937 3983 985 4034 639
997 3984 1026 4031 ob
1037 3979 1120 4031 added
1130 3979 1164 4041 by
1175 3978 1278 4028 Festus.

196 4067 244 4118 645
261 4081 306 4115 cur
316 4067 413 4128 possint
428 4080 477 4113 esse
493 4067 659 4128 requiro,...si
675 4073 734 4115 suat
749 4064 799 4115 Ed.
815 4067 856 4115 for
870 4080 915 4114 cur
927 4068 1047 4128 poscent?
1063 4064 1165 4125 requiro
1182 4064 1246 4110 eta:
1268 4074 1353 4122 comp.

147 4151 228 4202 above
239 4149 287 4198 356
304 4149 351 4198 593
370 4145 423 4196 and
441 4148 499 4198 597.
609 4148 656 4196 646
676 4163 725 4196 uno
740 4147 762 4196 B
776 4163 839 4198 corr.
861 4146 996 4195 Turnebus
1012 4144 1104 4195 Lamb.
1122 4143 1161 4194 ed.
1180 4146 1204 4202 3,
1220 4141 1300 4193 Lech.
1313 4143 1354 4191 for

146 4250 203 4284 uro.
288 4244 346 4278 uero
356 4228 379 4276 A
389 4243 453 4280 corr.
463 4228 532 4281 Nico.
544 4229 614 4279 Flor.
622 4231 653 4278 31
664 4230 753 4279 camb.
765 4231 825 4282 Vat.
833 4229 924 4279 Lamb.
936 4227 974 4278 ed
984 4228 998 4275 1
1011 4226 1064 4277 and
1075 4228 1098 4287 2,
1111 4224 1214 4275 Oreech.
1304 4224 1352 4274 649

149 4316 268 4365 haberent
282 4310 353 4360 Nico.
365 4311 406 4358 ior
422 4311 567 4370 habereut,
585 4312 674 4360 babere
692 4310 714 4359 B
730 4311 803 4361 Gott.
868 4311 916 4361 651
936 4311 1049 4359 disiectis
1066 4310 1153 4370 disque
1168 4307 1268 4356 Acorr.
1282 4305 1353 4355 Flor.

147 4400 181 4448 30
191 4409 255 4446 corr.
269 4394 310 4444 for
326 4395 494 4456 disiectisque.
608 4395 657 4446 657
670 4396 741 4445 nosci
752 4394 802 4444 nd.
814 4395 854 4444 for
870 4407 935 4443 mruc
953 4392 984 4451 A,
998 4407 1040 4441 mu
1056 4390 1078 4439 B
1097 4391 1170 4439 Gott.
1204 4388 1268 4437 This
1284 4386 1354 4436 word
