2842 4860
638 239 687 303 IV

147 405 252 471 lurida
273 415 441 495 praeterea
461 404 546 470 fiunt
568 427 789 491 quaecumque
810 413 948 470 tuentur
1007 421 1011 426 ·

101 592 104 596 ,
147 509 283 596 arquati,
305 509 382 596 quia
402 508 516 574 luroris
538 508 578 573 de
599 530 729 594 corpore
752 530 863 572 eorum

54 646 56 691 ;
147 614 271 679 semina
291 613 397 677 multa
416 613 525 678 fluunt
547 611 726 676 simulacris
747 611 842 675 obvia
863 634 979 688 rerum,

61 733 126 796 310
147 717 314 802 multaque
334 723 413 780 sunt
435 715 536 779 oculis
556 714 591 778 in
614 736 725 778 eorum
748 713 886 798 denique
909 713 1021 790 mixta,

146 841 230 903 quae
252 826 387 904 contage
410 840 469 882 sua
489 816 664 902 palloribus
685 815 794 881 omnia
814 815 964 903 pingunt.
1082 806 1084 810 ’

148 944 166 985 e
189 921 331 986 tenebris
352 929 463 986 autem
486 944 569 1007 quae
592 920 725 985 suntin
748 921 819 985 luce
841 930 973 985 tuemur

148 1034 318 1110 propterea
339 1025 424 1111 quia,
446 1047 521 1088 cum
542 1023 672 1110 propior
693 1022 839 1110 caliginis
861 1046 917 1087 aer

147 1136 218 1192 ater
238 1127 301 1192 init
324 1129 430 1192 oculos
451 1127 539 1214 prior
559 1137 594 1192 et
615 1126 758 1213 possedit
780 1135 917 1212 apertos,

60 1245 122 1314 315
146 1230 329 1316 insequitur
349 1231 489 1295 candens
511 1229 679 1294 confestim
702 1228 827 1294 lucidus
849 1252 905 1293 aer

148 1335 205 1419 qui
226 1335 318 1419 quasi
339 1342 458 1421 purgat
480 1357 534 1399 eos
555 1357 593 1398 ac
614 1333 723 1420 nigras
745 1333 879 1397 discutit
900 1334 1031 1398 umbras

148 1437 230 1501 aeris
251 1437 339 1502 illius
350 1462 358 1517 ;
386 1460 462 1502 nam
484 1437 598 1502 multis
619 1437 766 1523 partibus
788 1437 841 1501 hic
863 1445 913 1502 est

147 1540 295 1605 mobilior
316 1541 492 1626 multisque
514 1541 672 1605 minutior
692 1550 727 1605 et
748 1563 843 1628 mage
865 1541 996 1626 pollens.

148 1644 205 1730 qui
226 1644 323 1709 simul
345 1652 444 1730 atque
465 1643 534 1708 vias
556 1644 720 1708 oculorum
743 1644 814 1708 luce
837 1642 975 1728 replevit

62 1766 127 1829 320
147 1756 246 1833 atque
268 1748 423 1834 patefecit
445 1771 524 1834 quas
545 1755 623 1812 ante
646 1747 814 1812 obsederat
835 1770 892 1811 aer

147 1862 226 1930 uter,
248 1852 401 1917 continuo
422 1875 530 1916 rerum
552 1851 723 1916 simulacra
744 1860 898 1916 secuntur

147 1979 229 2041 quae
251 1956 315 2034 sita
336 1966 413 2022 sunt
434 1955 470 2019 in
492 1956 572 2033 luce,
595 1956 820 2041 lacessuntque
843 1963 881 2019 ut
903 1954 1078 2021 videamus

62 2064 124 2144 348
148 2061 234 2146 quod
255 2070 367 2125 contra
388 2062 491 2124 facere
513 2059 548 2123 in
570 2059 713 2123 tenebris
735 2081 753 2123 e
775 2059 847 2122 luce
869 2058 1042 2143 nequimus

147 2174 317 2249 propterea
338 2163 415 2250 quia
436 2163 593 2249 posterior
613 2162 760 2250 caliginis
781 2184 836 2227 aer

147 2266 279 2331 crassior
299 2266 482 2353 insequitur
503 2266 560 2352 qui
581 2274 699 2330 cuneta
720 2264 877 2328 foramina
898 2265 1038 2350 complet

147 2369 329 2456 obsiditque
352 2369 421 2434 vias
441 2369 614 2447 oculorum,
637 2391 678 2433 ne
700 2369 871 2433 simulacra

147 2473 271 2559 possint
292 2474 431 2538 ullarum
453 2496 561 2538 rerum
583 2472 728 2538 coniecta
749 2495 885 2538 movere.
951 2521 953 2527 s

148 2578 383 2663 quadratasque
405 2579 516 2664 procul
539 2577 637 2642 turris
659 2600 733 2641 cum
755 2577 916 2641 cernimus
937 2576 1034 2654 urbis,

148 2690 318 2767 propterea
338 2682 377 2747 fit
399 2682 450 2746 uti
471 2682 645 2747 videantur
666 2705 761 2768 saepe
783 2683 954 2758 rutundae,

147 2787 286 2872 angulus
308 2796 442 2873 optusus
464 2787 541 2873 quia
562 2788 656 2874 longe
679 2787 822 2851 cernitur
843 2788 947 2852 omnis

147 2890 214 2954 sive
237 2890 337 2955 etiam
358 2890 467 2976 potius
488 2913 553 2955 non
575 2890 719 2955 cernitur
739 2913 777 2954 ac
798 2889 883 2976 perit
906 2890 975 2955 eius

146 2995 243 3080 plaga
263 3017 323 3059 nec
344 2995 387 3059 ad
408 3004 532 3059 nostras
554 2994 638 3058 acies
659 2993 838 3080 perlabitur
859 2994 952 3071 ictus

146 3121 221 3163 aera
241 3122 300 3185 per
321 3099 462 3163 multum
485 3098 562 3184 quia
583 3099 661 3162 dum
684 3098 855 3163 simulacra
876 3100 1033 3177 feruntur,

147 3202 233 3290 cogit
255 3203 426 3267 hebescere
449 3225 524 3267 eum
546 3202 664 3267 crebris
686 3202 861 3267 offensibus
882 3225 946 3269 aer.

145 3306 206 3370 hoc
227 3305 284 3370 ubi
306 3306 441 3392 suffugit
463 3329 592 3370 sensum
614 3305 712 3370 simul
733 3306 872 3392 angulus
893 3306 1007 3382 omnis,

146 3409 185 3474 fit
206 3410 299 3496 quasi
320 3420 359 3476 ut
381 3411 423 3474 ad
445 3420 574 3475 tomum
596 3433 745 3475 saxorum
768 3418 892 3475 structa
913 3418 1079 3491 terantur3

146 3537 210 3577 non
232 3522 344 3578 tamen
366 3524 404 3579 ut
426 3538 532 3579 coram
554 3537 637 3600 quae
659 3522 737 3578 sunt
758 3537 897 3599 vereque
919 3515 1071 3591 rutunda,

59 3650 264 3713 Niacwrongly.
377 3650 588 3701 militarior.
603 3649 807 3702 eluamuver.
821 3649 884 3702 Ven.
899 3649 1113 3701 Μοτ.100011100.
1219 3654 1267 3704 345

60 3732 109 3781 346
125 3745 169 3778 aar
185 3733 248 3779 Ater
263 3731 342 3780 Bern.
359 3730 399 3780 for
415 3735 485 3781 Ater.
518 3738 581 3789 oter,
601 3733 670 3781 Arra
686 3730 768 3783 Lech.
811 3737 867 3780 alar
885 3732 1010 3780 Continuo
1026 3746 1048 3781 r.
1065 3749 1086 3782 0.
1104 3733 1228 3795 adaperta
1245 3750 1266 3782 0.

59 3812 129 3861 Flor.
152 3812 183 3860 31
207 3811 298 3861 (lamb.
319 3812 389 3875 vulg.
410 3812 521 3862 without
542 3811 674 3874 meaning.
805 3812 917 3874 351que
939 3813 1037 3861 010οΒ
1060 3827 1124 3864 corr.
1147 3814 1217 3865 Flor.
1234 3817 1265 3865 31

60 3893 152 3942 (lamb.
169 3892 235 3943 Mar.
253 3894 381 3957 1000010.
480 3895 527 3943 352
544 3895 658 3943 coniecta
674 3892 740 3945 Mar.
758 3892 817 3942 Ald.
836 3893 850 3941 1
867 3894 941 3942 Junt.
959 3893 999 3942 for
1015 3901 1137 3944 contecto.
1170 3911 1267 3946 mouere

58 3975 146 4024 Bentl.
156 3974 253 4038 rightly
264 3975 304 4024 ior
314 3978 418 4027 mareri.
548 3977 597 4029 357
609 3978 676 4025 acies
684 3975 755 4025 Nice.
767 3976 790 4024 B
801 3990 867 4024 corr.
877 3976 916 4024 for
924 3983 987 4024 oter.
1016 3977 1162 4039 perlabitur
1172 3977 1263 4030 Lamb.

59 4057 100 4107 ed.
116 4060 132 4107 3
150 4057 208 4106 first
224 4058 265 4106 ior
281 4059 435 4116 deuotitum
453 4058 521 4106 from
536 4057 622 4107 whom
634 4057 687 4108 (111.
703 4056 741 4108 ed.
757 4057 847 4106 2took
857 4056 879 4107 it
895 4056 1005 4105 without
1022 4057 1267 4119 soknowledgment.

58 4140 217 4188 100100011ον
233 4139 304 4194 Nico.
339 4141 468 4189 delabitur
483 4141 581 4189 Avanc.
614 4142 734 4190 illabitur
751 4140 819 4190 Mar.
835 4140 910 4189 lunt.
943 4142 1078 4189 adlabitur
1093 4139 1184 4191 Lamb.
1198 4140 1265 4190 cdl

57 4219 147 4270 andi.
180 4220 423 4271 0100110611.οἀ
436 4222 458 4271 1.
559 4220 1266 4273 36110000οΓ1οο312101.Βο10.Μο0.100100000.

58 4309 150 4351 tortum
161 4300 252 4351 (lamb.
280 4309 397 4352 terantur
406 4301 458 4351 Ed.
471 4303 511 4351 ior
523 4309 638 4352 10001ον.
666 4303 970 4361 tuamurLaoh.‚butorl
983 4303 1267 4356 toruumhasnosense

56 4400 87 4434 or
103 4385 280 4434 construction
292 4385 355 4435 with
373 4392 478 4435 tuantur
490 4401 520 4435 or
532 4395 640 4447 ruamur,
654 4401 684 4437 as
695 4385 785 4437 Lamb.
802 4402 862 4447 saw,
872 4386 930 4436 who
941 4387 1016 4438 reads
1028 4394 1130 4437 tornata
1141 4395 1169 4437 ut
1181 4388 1221 4438 ior
1232 4392 1267 4440 acl
