2842 4860
679 255 729 321 VI

185 423 306 489 finibus
326 423 362 488 in
385 422 536 509 Cecropis
557 423 701 488 funestos
723 421 866 487 reddidit
887 443 981 508 agros

185 528 389 615 vastavitque
411 528 488 606 vias,
510 526 661 593 exhausit
683 526 808 591 civibus
829 526 950 591 urbem.

185 655 262 696 nam
283 632 415 718 penitus
437 632 570 698 veniens
592 630 736 717 Aegypti
758 630 877 695 finibus
899 637 997 706 ortus,

185 759 261 802 aera
283 758 472 822 permensus
494 736 635 800 multum
658 756 850 820 camposque
872 732 1025 810 natantis,

186 839 335 905 incubuit
357 838 490 904 tandem
513 838 631 925 populo
654 836 827 902 Pandionis
849 836 965 913 omnei,

103 987 109 994 -
185 941 261 1006 inde
285 941 474 1007 catervatim
496 941 608 1006 morbo
630 940 791 1026 mortique
813 937 981 1003 dabantur.

185 1044 342 1131 principio
364 1054 462 1131 caput
484 1046 651 1110 incensum
673 1045 794 1109 fervore
816 1042 974 1131 gerebant

186 1157 220 1214 et
243 1149 380 1236 duplicis
403 1151 509 1214 oculos
532 1150 654 1213 suffusa
676 1149 747 1214 luce
769 1148 930 1212 rubentes.

186 1253 347 1318 sudabant
369 1253 469 1318 etiam
491 1254 599 1318 fauces
621 1252 814 1317 intrinsecus
835 1259 925 1315 atrae

187 1358 344 1445 sanguine
366 1366 400 1423 et
422 1357 584 1422 ulceribus
606 1357 692 1421 vocis
713 1356 767 1420 via
788 1363 902 1440 saepta
923 1355 1029 1420 coibat

187 1471 286 1549 atque
308 1463 410 1528 animi
431 1463 590 1548 interpres
612 1462 767 1526 manabat
789 1461 902 1548 lingua
923 1483 1033 1525 cruore

187 1567 359 1632 debilitata
380 1567 483 1644 malis,
504 1573 596 1630 motu
618 1565 868 1650 gravis,'aspera
890 1571 989 1628 tactu.

186 1669 261 1735 inde
283 1670 342 1734 ubi
363 1693 422 1756 per
443 1671 550 1734 fauces
571 1677 686 1754 peetus
709 1668 885 1752 complerat
907 1674 941 1730 et
963 1666 1070 1751 ipsum

187 1775 333 1840 morbida
354 1775 403 1839 vis
424 1775 459 1839 in
481 1798 534 1840 cor
556 1781 717 1839 maestum
739 1773 938 1837 confluxerat
961 1771 1073 1858 aegris,

186 1879 294 1944 omnia
315 1888 388 1943 turn
410 1901 485 1943 vero
507 1877 587 1942 vitai
610 1878 749 1941 claustra
772 1876 934 1940 lababant.

188 1983 321 2068 spiritus
343 2006 397 2048 ore
419 1983 502 2047 foras
525 1989 668 2046 taetrum
690 1981 841 2046 volvebat
863 1979 1001 2056 odorem,

187 2086 317 2151 rancida
338 2109 402 2172 quo
424 2086 570 2172 perolent
593 2085 736 2171 proiecta
758 2085 913 2149 cadavera
934 2083 1008 2148 ritu.

187 2198 286 2277 atque
308 2190 410 2256 animi
431 2212 577 2276 prorsum
599 2199 667 2255 torn
688 2189 772 2253 vires
794 2189 903 2265 totius,
926 2211 1019 2253 omne

188 2296 363 2383 languebat
385 2318 499 2381 corpus
521 2294 580 2359 leti
601 2294 667 2359 iam
690 2294 801 2358 limine
823 2294 858 2358 in
880 2293 958 2378 ipso.

188 2399 509 2485 intolerabilibusque
532 2399 626 2464 malis
648 2407 718 2463 erat
741 2398 856 2462 anxius
878 2420 979 2483 angor

189 2505 322 2570 adsidue
344 2529 450 2570 comes
472 2513 507 2570 et
529 2505 656 2592 gemitu
678 2505 854 2570 commixta
876 2504 1026 2591 querella.

188 2610 414 2697 singultusque
437 2613 586 2697 frequens
608 2619 737 2676 noctem
760 2634 934 2697 persaepe
957 2610 1107 2696 diemque

189 2714 345 2800 corripere
368 2714 501 2779 adsidue
524 2738 637 2780 nervos
660 2723 695 2780 et
717 2716 863 2780 membra
885 2724 1033 2780 coactans

189 2817 386 2882 dissoluebat
408 2841 470 2896 eoa,
493 2819 632 2883 defessos
654 2827 739 2896 ante,
762 2819 909 2907 fatigans,

188 2946 248 2987 nee
269 2923 370 2988 nimio
392 2924 543 3010 cuiquam
565 2947 674 3010 posses
696 2924 808 2989 ardore
831 2925 917 2990 tueri

188 3028 326 3113 corporis
347 3027 382 3091 in
404 3051 530 3092 summo
552 3051 712 3093 summam
735 3030 909 3093 fervescere
932 3037 1067 3115 partem,

188 3132 245 3196 sed
266 3131 375 3217 potius
397 3131 546 3218 tepidum
568 3132 718 3196 manibus
740 3155 915 3218 proponere
938 3141 1062 3197 tactum

188 3245 223 3301 et
245 3237 342 3301 simul
364 3237 526 3302 ulceribus
548 3237 641 3323 quasi
662 3238 779 3302 inustis
802 3262 896 3303 omne
918 3239 1033 3303 rubere

187 3364 309 3427 corpus,
332 3349 370 3404 ut
392 3349 442 3405 est
464 3364 522 3426 per
543 3342 689 3406 membra
710 3364 799 3406 sacer
820 3343 899 3407 dum
922 3342 1046 3407 diditur
1066 3344 1158 3431 ignis

187 3447 305 3511 intima
326 3469 400 3532 pars
422 3447 589 3511 hominum
612 3470 687 3511 vero
709 3447 867 3534 flagrabat
889 3448 931 3512 ad
953 3470 1031 3526 ossa,

101 3694 185 3736 aestus
196 3686 310 3737 Macrob.
323 3690 371 3738 sat.
385 3688 440 3734 r12
453 3688 475 3747 7,
491 3686 567 3736 Pont.
579 3685 637 3735 Ald.
650 3686 664 3734 1
677 3685 693 3734 J
694 3687 750 3736 unt.
765 3684 856 3736 Lamb.
871 3686 911 3735 for
922 3686 1089 3747 mortiferae:
1104 3682 1148 3734 the
1159 3685 1211 3734 last
1222 3684 1311 3734 letters

100 3768 197 3830 having
211 3767 326 3831 dropped
340 3772 394 3817 out.
428 3770 544 3831 mortifer
558 3783 603 3817 aer
617 3767 708 3816 Lamb.
727 3766 754 3815 in
769 3769 852 3816 notes.
886 3769 1028 3830 mortiferoi
1042 3766 1130 3816 Oamb.
1146 3767 1228 3816 morti’
1239 3768 1311 3830 serui

100 3850 182 3903 Lach.
193 3848 251 3899 who
263 3849 287 3899 is
298 3849 362 3899 then
374 3849 464 3899 driven
475 3851 503 3899 to
514 3850 576 3900 read
588 3850 617 3898 in
630 3851 692 3899 1141
704 3853 800 3900 morbus
812 3850 852 3899 for
863 3859 945 3900 ortus:
963 3865 1034 3899 orara
1045 3850 1141 3899 Avanc.

135 3933 199 3982 1139
216 3935 245 3981 io
262 3933 378 3995 Cecropia
396 3932 508 3983 Macrob.
529 3932 546 3982 l.
567 3932 584 3981 l.
601 3932 672 3981 Flor.
690 3933 721 3981 31
737 3932 827 3981 (lamb.
843 3932 919 3982 Pont.
938 3931 1011 3980 dunt.
1027 3932 1110 3981 foria
1127 3932 1250 3994 Cecropia
1283 3933 1312 3981 ia

102 4014 423 4077 Oecropir‘sAcomNicc.
456 4015 559 4063 Finiba'
572 4016 699 4077 Cecropiis
709 4014 801 4064 Lamb.
968 4014 1032 4061 1143
1042 4014 1122 4062 marei
1132 4012 1212 4062 Lach.
1245 4016 1313 4063 omni

101 4095 195 4146 Marul.
208 4095 305 4147 Arane.
319 4096 359 4145 for
375 4111 468 4146 omnem
483 4095 512 4147 d
532 4095 602 4145 Nico.
637 4111 705 4144 omne
723 4097 753 4146 B.
788 4110 869 4145 omnes
885 4095 955 4144 Unde
970 4093 1147 4152 sunnam
1162 4095 1225 4143 Inde
1240 4094 1310 4144 Brix.

100 4178 213 4241 Nauger.
228 4178 319 4228 Lamb.
332 4181 381 4228 oto.
542 4179 605 4230 1147
616 4186 697 4228 atrae.
731 4186 788 4228 atro
799 4178 859 4227 Vnt.
872 4177 920 4226 640
932 4176 1025 4227 Urbin.
1036 4176 1095 4227 Ald.
1109 4176 1209 4226 1Junt.
1219 4177 1312 4228 Lamb.

100 4268 173 4310 artae
185 4273 248 4309 mss.
261 4260 289 4309 of
298 4260 410 4311 Macrob.
424 4275 452 4311 vr
463 4263 478 4309 2
489 4262 514 4312 9.
600 4261 663 4310 1156
675 4267 727 4309 tam
738 4258 820 4308 added
831 4259 865 4322 by
877 4258 952 4309 Wak.
965 4258 1031 4307 after
1038 4273 1162 4321 proram.
1196 4258 1263 4310 Flor.
1279 4258 1310 4307 31

100 4342 158 4391 Ver.
171 4341 235 4390 Ven.
248 4341 317 4402 vulg.
328 4340 381 4391 add
392 4349 416 4391 et
426 4341 511 4392 before
522 4355 600 4400 omre,
611 4340 724 4404 perhaps
735 4340 841 4403 rightly.
947 4340 1011 4390 1165
1018 4341 1106 4403 potiar
1118 4339 1212 4392 Marul.
1226 4340 1284 4390 Ald.
1297 4341 1311 4389 1

100 4423 176 4474 Junt.
188 4422 325 4473 tortarius.
458 4422 522 4474 1167
533 4424 600 4473 dam.
634 4420 881 4473 ermanarico.
894 4420 962 4486 vulg.
975 4419 1151 4474 besorohaoh.
1224 4464 1227 4471 .
