2842 4860
726 218 776 284 VI

234 404 340 446 nonne
361 381 452 447 vides
473 380 605 446 audisve
627 379 731 467 perire
753 379 789 444 in
811 386 956 466 tempore
978 401 1077 464 parvo

234 507 332 569 quam
354 485 478 550 soleant
500 492 535 549 et
557 507 654 570 quam
676 482 758 547 vitai
779 482 872 568 copia
893 481 985 559 desit,

234 611 313 673 quos
335 610 429 673 opere
452 588 488 652 in
509 587 569 652 tali
591 587 720 652 cohibet
742 585 791 651 vis
812 608 932 672 magna
953 584 1116 650 necessis?
1300 585 1356 665 815

235 691 293 755 hos
313 691 416 778 igitur
436 691 534 756 tellus
556 690 658 755 omnis
681 696 849 754 exaestuat
871 697 981 754 aestus

235 794 424 880 expiratque
447 795 529 858 foras
551 793 586 857 in
607 801 756 880 apertum
779 800 991 878 promptaque
1014 791 1102 856 caeli.

279 898 333 964 Sic
355 906 389 963 et
411 898 542 962 Averna
562 897 632 962 loca
653 896 786 960 alitibus
808 894 1011 960 summittere
1034 895 1156 960 debent

235 1002 433 1067 mortiferam
456 1001 531 1079 vim,
553 1001 593 1066 de
615 1008 703 1065 terra
724 1022 806 1086 quae
829 999 933 1085 surgit
954 998 990 1062 in
1012 1020 1114 1075 auras,

236 1115 275 1170 ut
297 1106 439 1192 spatium
461 1105 542 1170 caeli
564 1104 703 1190 quadam
726 1103 766 1167 de
789 1109 881 1187 parte
904 1109 1063 1182 venenet;
1303 1104 1361 1166 820

237 1232 301 1296 quo
323 1210 419 1274 simul
441 1233 478 1274 ac
500 1209 642 1295 primurn
664 1207 779 1293 pennis
801 1207 911 1272 delata
932 1207 975 1272 sit
996 1208 1071 1283 ales,

238 1313 435 1400 impediatur
456 1313 503 1377 ibi
525 1335 618 1377 caeco
640 1318 787 1396 correpta
808 1333 941 1387 veneno,

238 1425 276 1482 ut
299 1417 393 1482 cadat
416 1440 433 1482 1
456 1416 586 1503 regione
610 1415 679 1492 loci,
701 1437 766 1501 qua
787 1414 906 1501 derigit
928 1420 1043 1479 aestus,

237 1543 301 1605 quo
323 1542 396 1584 cum
419 1519 554 1595 conruit,
576 1518 629 1583 hic
651 1517 764 1582 eadem
787 1516 835 1581 vis
857 1516 945 1580 illius
967 1523 1076 1580 aestus

236 1623 388 1709 reliquias
409 1623 496 1688 vitae
517 1622 671 1688 membris
694 1645 733 1686 ex
757 1621 906 1685 omnibus
928 1621 1042 1686 aufert.
1301 1622 1339 1684 82
1343 1634 1357 1701 5

238 1728 357 1815 quippe
380 1729 501 1793 etenim
524 1729 627 1814 primo
650 1726 742 1814 quasi
764 1725 926 1812 quendam
948 1725 1072 1797 conciet
1093 1731 1246 1810 aestum3

237 1830 396 1917 posterius
417 1831 455 1895 fit
477 1831 537 1908 uti,
560 1854 633 1895 cum
655 1830 720 1894 iam
744 1828 886 1894 cecidere
908 1828 1026 1893 veneni

238 1933 273 1996 in
294 1933 392 1997 fontis
413 1933 507 2019 ipsos,
529 1932 576 1997 ibi
598 1933 641 1997 sit
663 1954 790 2019 quoque
813 1931 883 1995 vita
904 1930 1062 1995 vomenda

237 2044 407 2122 propterea
428 2036 514 2123 quod
535 2059 654 2122 magna
675 2035 753 2099 mali
775 2036 813 2099 fit
835 2035 927 2120 copia
949 2034 1077 2099 circum.

280 2140 336 2203 Fit
358 2162 485 2226 quoquc
507 2147 546 2203 ut
568 2140 732 2204 interdum
755 2138 804 2203 vis
825 2139 905 2203 haec
926 2146 1025 2224 atque
1047 2144 1157 2201 aestus
1179 2137 1308 2203 Averni

237 2265 319 2321 aera,
342 2243 398 2328 qui
419 2243 506 2307 inter
527 2243 595 2308 avis
617 2250 786 2329 cumquest
809 2251 993 2328 terramque
1016 2242 1148 2319 locatus
1301 2246 1358 2322 831

237 2346 398 2424 discutiat,
421 2370 519 2433 prope
542 2346 594 2411 uti
616 2347 704 2412 locus
726 2346 779 2412 hic
802 2347 969 2432 linquatur
991 2345 1102 2410 inanis

237 2449 329 2514 cuius
351 2450 409 2514 ubi
431 2473 448 2514 e
471 2449 601 2537 regione
625 2450 686 2515 loci
707 2473 824 2515 venere
847 2450 1000 2526 volantes,

236 2538 396 2617 claudicat
418 2553 582 2638 extemplo
604 2553 777 2638 pinnarum
799 2553 889 2618 nisus
910 2553 1015 2618 inanis

237 2663 271 2721 et
293 2679 448 2721 conamen
470 2656 634 2742 utrimque
657 2657 780 2721 alarum
803 2656 950 2741 proditur
972 2679 1073 2721 omne.
1301 2661 1360 2741 835

237 2759 290 2824 hio
312 2760 368 2825 ubi
392 2760 496 2825 nixari
518 2768 687 2847 nequeunt
709 2760 921 2847 insistereque
944 2760 1012 2839 alis,

236 2863 358 2928 scilicet
379 2863 414 2927 in
436 2871 555 2928 terram
578 2863 686 2928 delabi
707 2864 847 2950 pondere
870 2864 956 2951 cogit

236 2974 361 3045 natura,
384 2975 419 3032 et
440 2990 578 3032 vacuum
601 2989 699 3053 prope
722 2967 787 3032 iam
809 2990 868 3053 per
888 2967 984 3032 inane
1007 2968 1149 3034 iacentes

237 3072 428 3159 dispergunt
449 3073 573 3162 animas
595 3095 653 3159 per
674 3073 783 3137 caulas
804 3072 943 3158 corporis
965 3072 1075 3137 omnis

731 3194 751 3234 ξ

235 3281 379 3368 frigidior
400 3306 492 3369 porro
514 3283 549 3348 in
571 3283 679 3369 puteis
700 3290 825 3348 aestate
846 3282 885 3346 fit
907 3304 1008 3360 umor,
1296 3286 1360 3363 840

150 3459 227 3510 Pont.
242 3460 283 3510 for
298 3468 410 3522 arpenta.
543 3461 591 3511 813
608 3463 711 3511 auditor
722 3460 791 3509 Flor.
805 3461 836 3510 81
849 3459 939 3510 (lamb.
951 3460 1018 3511 Mar.
1029 3461 1071 3510 for
1080 3463 1180 3511 audire.
1314 3462 1363 3512 ott

150 3544 258 3592 mcertis
268 3541 349 3592 Lach.
358 3543 399 3592 for
409 3552 538 3594 necessest.
637 3545 686 3595 817
698 3551 811 3606 apertum
822 3543 853 3592 B.
887 3542 1091 3606 apertoANicc.
1102 3543 1172 3604 vulg.
1181 3542 1268 3592 before
1281 3542 1360 3595 Loth

150 3632 287 3687 apertaque
298 3625 367 3674 Flor.
382 3624 421 3673 81.
520 3626 612 3676 81811.
648 3623 1033 3675 1111101111111110111111101
1046 3625 1217 3676 etforetiam.
1254 3628 1362 3675 alitibus

151 3705 220 3754 Flor.
232 3705 264 3753 31
280 3704 368 3756 camb.
383 3705 448 3756 Mar.
463 3705 504 3753 for
517 3707 645 3754 motitbua
776 3707 824 3756 829
836 3706 878 3768 fit.
921 3707 957 3754 ait
972 3705 1044 3755 Junt.
1059 3704 1148 3754 Lamb.
1164 3705 1246 3766 vulp:
1264 3720 1281 3754 a
1297 3706 1362 3755 sole-

151 3786 225 3839 cism.
325 3787 374 3835 832
387 3788 427 3836 hic
439 3786 510 3836 Mon.
522 3801 547 3849 p.
559 3801 595 3836 m.
606 3786 686 3836 Laoh.
699 3786 739 3836 for
751 3789 818 3837 binc.
853 3788 985 3849 linquatur
996 3786 1065 3835 Flor.
1077 3786 1107 3834 31
1121 3786 1210 3835 Gamb.
1222 3786 1284 3836 Ver.
1296 3787 1361 3838 Ven.

152 3869 216 3920 Mar.
231 3867 271 3917 for
283 3869 415 3931 linquitur.
498 3869 547 3918 840
563 3869 659 3933 clearly
670 3869 818 3932 something
828 3870 851 3919 is
862 3869 979 3932 wanting
990 3873 1017 3918 to
1029 3873 1138 3919 connect
1150 3869 1203 3919 this
1214 3885 1288 3920 verse
1299 3870 1363 3919 with

151 3949 220 3999 what
242 3948 369 4011 precedes.
410 3948 489 4000 Laoh.
510 3948 560 3998 has
577 3950 672 4012 proved
688 3951 747 4000 that
764 3967 780 4001 a
796 3967 852 4001 new
868 3952 928 4011 leaf,
946 3952 990 4001 the
1008 3952 1099 4013 142nd,
1119 3953 1148 4001 of
1162 3952 1207 4001 the
1224 3951 1365 4016 archetype

150 4032 234 4094 began
245 4032 318 4082 here:
336 4032 365 4081 in
376 4033 412 4082 all
423 4032 578 4096 probability
589 4033 653 4084 then
665 4049 714 4084 one
725 4035 778 4085 leaf
792 4034 844 4085 hod
860 4035 974 4098 dropped
989 4038 1035 4084 out
1049 4034 1078 4083 in
1094 4034 1149 4084 this
1164 4035 1246 4098 place.
1279 4037 1360 4088 Laolu

150 4113 247 4164 inserts
263 4115 322 4164 four
338 4112 488 4176 fragments,
501 4115 559 4164 Non
574 4117 639 4164 mibi
655 4118 679 4165 ai
694 4117 796 4177 linquae
812 4124 911 4166 centum
925 4119 977 4166 aiut
988 4132 1082 4180 oraque
1094 4124 1198 4176 centum,
1210 4119 1292 4166 Atreo
1304 4134 1362 4170 voa.

153 4196 276 4244 Menaiba'
288 4197 382 4259 frtpua.
418 4198 586 4260 Gomeracque
605 4200 719 4249 caminia.
755 4200 793 4248 Ne
813 4201 920 4250 oblimet.
958 4199 1014 4248 Tha
1033 4200 1090 4248 first
1109 4199 1237 4261 certainly
1253 4214 1365 4264 appears

150 4277 304 4328 Lucretian:
321 4277 405 4328 where
420 4277 442 4327 it
457 4293 528 4328 camo
543 4278 571 4352 in
588 4279 634 4328 the
649 4295 734 4343 poem,
751 4283 846 4332 cannot
862 4282 894 4331 bo
911 4281 981 4341 said3
1002 4282 1046 4332 the
1062 4285 1116 4332 rest
1133 4295 1176 4332 are
1192 4297 1253 4344 very
1270 4282 1365 4334 doubt·

150 4359 195 4407 ful.
328 4361 377 4409 840
395 4363 447 4422 Quo
466 4361 489 4410 is
509 4361 622 4423 prefixed
639 4365 667 4411 to
684 4365 816 4425 Fripidr'or
831 4363 860 4412 iu
877 4363 907 4424 A,
927 4379 975 4413 uae
993 4363 1049 4429 (1.1.
1070 4363 1144 4428 quac)
1162 4363 1189 4412 in
1206 4364 1237 4425 B,
1260 4367 1315 4414 Gur
1331 4367 1365 4429 by
