2842 4860
752 249 788 311 ΙΙ

252 411 385 477 tandem
410 411 557 476 colarunt
582 431 621 475 ea
645 431 729 495 quae
756 408 902 474 coniecta
927 417 1061 494 repente

251 537 443 602 magnarum
458 536 572 597 'rerum
596 513 712 578 fierent
738 511 869 577 exordia
890 534 1027 596 semper,

252 620 350 685 terrai
375 619 472 684 maris
498 626 532 684 et
556 618 636 682 caeli
659 616 850 702 generisque
874 617 1091 683 animantum.

251 745 350 810 quare
375 723 474 788 etiam
497 729 597 807 atque
622 721 722 785 etiam
748 720 824 784 talis
848 721 969 786 fateare
994 743 1123 787 necesse
1147 730 1197 788 est

251 850 319 892 esse
342 827 421 890 alios
443 826 523 890 alibi
546 847 731 912 congressus
755 825 912 902 materiai,
1289 828 1368 909 1065

252 931 357 1017 qualis
379 930 432 994 hic
456 938 515 1007 est,
537 929 632 994 avido
655 930 824 1014 complexu
851 952 949 1014 quem
974 939 1066 995 tenet
1091 931 1212 996 aether.

294 1035 465 1098 Praeterea
487 1055 561 1097 cum
585 1032 736 1096 materies
760 1041 810 1097 est
832 1033 937 1097 multa
962 1041 1084 1116 parata,

251 1161 325 1202 cum
349 1138 436 1202 locus
459 1145 508 1201 est
533 1145 661 1222 praesto
684 1159 743 1201 nec
769 1159 820 1202 res
846 1159 905 1201 nec
931 1159 1027 1202 causa
1051 1145 1195 1202 moratur

250 1243 327 1319 ulla,
352 1242 420 1327 geri
445 1241 566 1304 debent
588 1240 743 1305 nimirum
767 1250 801 1306 et
824 1241 954 1306 confieri
977 1265 1036 1307 res.

250 1367 336 1410 nunc
361 1353 396 1409 et
418 1344 595 1408 seminibus
618 1343 646 1408 si
670 1351 764 1408 tanta
788 1353 837 1409 est
861 1346 953 1430 copia
978 1353 1134 1431 quantam
1285 1362 1368 1427 1070

250 1470 438 1514 enumerare
461 1455 550 1512 aetas
576 1448 780 1512 animantum
804 1472 869 1513 non
895 1458 994 1534 queat
1020 1451 1133 1528 omnis,

249 1557 357 1642 visque
383 1553 496 1618 eadem
520 1562 549 1618 et
574 1561 691 1616 natura
713 1561 826 1618 manet
850 1576 933 1639 quae
959 1556 1083 1619 semina
1108 1577 1216 1620 rerum

249 1661 392 1727 conicere
416 1660 451 1723 in
475 1660 544 1723 loca
570 1681 713 1744 quaeque
738 1666 837 1742 queat
861 1659 960 1723 simili
983 1658 1108 1723 ratione

249 1773 348 1850 atque
374 1763 439 1827 huc
460 1770 538 1827 sunt
563 1762 717 1839 coniecta,
739 1784 869 1827 necesse
896 1771 945 1827 est
969 1762 1141 1827 confiteare

248 1891 317 1933 esse
342 1867 421 1932 alios
447 1866 519 1930 aliis
543 1874 701 1930 terrarum
728 1865 762 1929 in
786 1865 932 1950 partibus
956 1865 1041 1931 orbis
1282 1880 1362 1948 1075

248 1980 282 2038 et
305 1971 409 2035 varias
431 1969 600 2034 hominum
625 1969 733 2054 gentis
759 1977 793 2033 et
819 1969 923 2033 saecla
945 1969 1094 2035 ferarum.

291 2075 367 2138 Huc
392 2072 516 2137 accedit
542 2081 581 2137 ut
606 2073 641 2135 in
667 2094 795 2137 summa
818 2094 868 2136 res
892 2073 982 2136 nulla
1005 2073 1048 2137 sit
1074 2095 1146 2150 una,

246 2177 343 2242 unica
367 2198 451 2261 quae
477 2175 631 2260 gignatur
657 2187 690 2238 et
717 2175 811 2239 unica
835 2175 966 2259 solaque
993 2184 1123 2252 crescat,

246 2280 327 2366 quin
352 2275 503 2363 aliquoiu’
528 2278 591 2341 siet
614 2277 710 2342 saecli
735 2277 962 2363 permultaque
989 2278 1102 2342 eodem

245 2384 312 2450 sint
336 2404 462 2468 genere.
506 2381 541 2444 in
564 2381 677 2466 primis
699 2382 902 2458 animalibus,
927 2382 1049 2447 inclute
1076 2383 1220 2460 Memmi,
1281 2384 1365 2448 1080

244 2486 390 2552 invenies
414 2486 458 2550 sic
484 2485 708 2569 montivagum
732 2507 835 2570 genus
858 2507 927 2550 csse
951 2487 1102 2566 ferarum,

245 2593 291 2657 sic
314 2589 484 2654 hominum
508 2587 654 2674 genitam
679 2588 811 2673 prolem,
838 2588 883 2653 sic
906 2589 1046 2675 denique
1072 2597 1180 2654 mutas

244 2695 484 2782 squamigerum
508 2691 646 2776 pecudes
673 2700 707 2756 et
733 2715 864 2777 corpora
889 2701 1007 2757 cuncta
1031 2693 1208 2758 volantum.

243 2807 438 2887 quapropter
463 2797 588 2862 caelum
613 2797 712 2861 simili
735 2798 860 2862 ratione
884 2797 1085 2862 fatendumst

243 2913 427 2989 terramque
450 2909 483 2966 et
505 2901 605 2966 solem
628 2901 740 2965 lunam
761 2923 859 2979 mare,
880 2909 988 2966 cetera
1009 2923 1093 2985 quae
1116 2908 1201 2978 sunt,
1276 2903 1358 2983 1085

157 3076 231 3126 1059.
329 3072 392 3121 1061
412 3074 529 3121 colerunt
545 3071 615 3122 Nico.
636 3073 651 3120 3
668 3071 728 3120 Vat.
740 3039 812 3121 Mon.
824 3055 898 3121 J'unt.
911 3071 1023 3135 rightly:
1041 3087 1082 3121 see
1099 3074 1174 3120 notes
1191 3073 1214 3121 2.
1248 3073 1363 3123 colerunt

155 3156 209 3207 AB.
241 3156 378 3205 ceoluumt
395 3151 486 3201 Lamb.
521 3154 651 3202 coluemut
672 3152 752 3203 Lach.
788 3156 901 3203 coierunt
922 3154 944 3202 B
967 3169 1031 3203 corr.
1053 3153 1123 3203 Flor.
1146 3154 1177 3202 31
1201 3153 1363 3205 Camb.‘0ne

155 3238 215 3287 Vat.
280 3237 392 3285 coniecta
404 3234 433 3283 of
441 3234 477 3283 all
487 3249 549 3285 mss.
564 3249 646 3283 seems
658 3238 685 3284 to
696 3250 738 3284 me
749 3232 820 3297 quite
831 3236 914 3298 right:
932 3251 1015 3299 comp.
1029 3237 1101 3285 1108.
1153 3243 1269 3286 convectu
1280 3236 1362 3286 Lach.

155 3318 240 3368 which
258 3332 366 3380 appears
388 3322 416 3366 to
438 3316 468 3365 be
490 3316 535 3366 the
556 3316 626 3379 right
648 3316 754 3380 reading
776 3317 804 3367 in
827 3319 872 3368 the
893 3319 983 3382 nearly
1001 3318 1124 3369 identical
1145 3333 1253 3381 passage
1274 3334 1291 3367 v
1312 3320 1362 3370 429

154 3400 238 3449 where
254 3399 299 3448 the
315 3413 377 3446 mss.
394 3397 459 3447 have
475 3404 604 3447 conuenta.
644 3398 724 3447 Lech.
748 3399 844 3461 objects
866 3403 894 3448 to
915 3402 1027 3449 coniectu
1050 3399 1139 3461 ‘quasi
1160 3399 1297 3449 Lucretius
1318 3399 1362 3450 hic

154 3481 230 3530 ahter
252 3494 330 3542 quam
352 3479 380 3528 in
403 3478 495 3540 quinto
517 3478 599 3527 dicere
621 3478 761 3540 potuerit’:
785 3481 832 3529 but
853 3479 924 3530 there
940 3480 973 3530 he
989 3480 1038 3530 has
1054 3481 1109 3530 also
1126 3483 1284 3540 corruentem,
1301 3481 1362 3530 here

155 3564 278 3621 coluruut,
290 3561 362 3610 there
372 3576 453 3622 saepe,
465 3560 526 3610 here
536 3576 643 3624 sempev
661 3563 701 3611 for
711 3561 790 3613 Lech.
803 3562 892 3626 vainly
903 3564 982 3612 alters
997 3578 1070 3625 saepe
1088 3565 1116 3611 to
1132 3576 1239 3624 semper:
1256 3562 1290 3612 he
1305 3564 1362 3614 also

154 3657 215 3706 says
226 3643 255 3691 of
268 3644 381 3692 coniecta
393 3641 567 3691 ‘sententiam
578 3656 632 3690 non
644 3643 728 3705 explet
739 3642 792 3692 nisi
803 3643 893 3694 addita
903 3644 954 3694 loci
965 3643 1160 3707 significatione,
1171 3649 1202 3693 ut
1212 3645 1362 3708 paulopost

156 3727 273 3774 Conicere
284 3725 313 3772 iu
328 3725 382 3772 locu
396 3725 521 3785 quaeque’
538 3727 603 3775 cet:
619 3725 666 3774 but
683 3741 694 3774 1
710 3727 759 3774 284
775 3728 913 3789 Frapmiuu
930 3729 1053 3777 curicieua
1070 3728 1193 3776 siluarum
1208 3727 1360 3790 arbustaque

154 3812 215 3867 totu,
229 3821 267 3855 we
277 3804 333 3853 find
348 3806 370 3854 it
387 3805 450 3854 used
466 3805 618 3870 absolutely.
717 3810 780 3858 1062
792 3812 897 3860 exordia
908 3811 973 3860 Mar.
984 3810 1043 3859 Ald.
1056 3812 1070 3858 l
1082 3811 1098 3859 J
1099 3811 1156 3859 unt.
1168 3809 1251 3857 soree
1262 3811 1358 3870 ordire,

153 3902 184 3937 as
200 3887 228 3938 in
246 3887 290 3937 the
307 3887 438 3940 tthbook.
539 3890 603 3940 1070
620 3897 651 3941 et.
686 3906 716 3939 eu
732 3890 812 3942 Lach
826 3892 873 3942 but
884 3899 909 3941 et
919 3891 943 3940 is
957 3891 1053 3954 clearly
1063 3890 1146 3952 right:
1162 3904 1194 3938 ea
1210 3889 1299 3938 makes
1316 3890 1361 3940 the

154 3968 332 4018 construction
348 3973 417 4018 most
433 3969 574 4019 awkward:
593 3970 656 4019 then
674 3972 738 4022 1072
757 3973 848 4035 Virque
865 3975 950 4022 eudem
966 3978 1095 4021 eluctare
1107 3971 1173 4022 Mar.
1185 3969 1244 4020 Ald.
1257 3971 1271 4018 1
1282 3970 1357 4023 Junt.

154 4052 195 4100 for
216 4053 260 4103 Vis
277 4053 362 4100 eudem
379 4059 482 4102 actura.
517 4054 579 4114 Quis
595 4055 680 4103 eedem
696 4062 790 4105 nutura
805 4055 886 4106 Lach.
985 4057 1049 4107 1073
1065 4069 1176 4117 quaeque
1193 4059 1269 4116 queat
1279 4055 1360 4104 simili

154 4135 223 4183 Flor.
235 4135 266 4183 31
278 4133 367 4184 (lamb.
379 4135 420 4184 for
430 4151 542 4199 quaeque
552 4138 669 4186 uuimili.
768 4138 832 4189 1079
849 4138 973 4200 aliquoiu'
984 4139 1033 4187 siet
1045 4137 1158 4185 Gronov.
1170 4134 1210 4184 for
1220 4134 1360 4197 aliquoiuis

152 4218 201 4264 siet
212 4216 243 4275 B,
255 4218 408 4279 alioquoiuis
418 4216 456 4267 A:
473 4216 517 4266 the
529 4211 600 4266 older
616 4217 713 4267 editors
729 4217 795 4268 have
811 4234 877 4281 gone
887 4219 979 4283 widely
989 4222 1094 4282 astray..
1185 4218 1249 4266 1080
1264 4218 1359 4267 inclute

153 4299 254 4347 Memmi
266 4297 379 4349 Gronov.
393 4297 433 4346 for
444 4299 526 4347 iudice
543 4306 629 4349 mente.
731 4301 793 4349 1081
811 4302 927 4350 Invenies
943 4301 1021 4350 Pont.
1038 4301 1102 4351 Mar.
1123 4297 1181 4348 Ald.
1198 4298 1214 4347 1
1230 4297 1305 4348 dunt.
1320 4298 1360 4347 tor

152 4380 288 4431 deuouisse.
390 4380 452 4428 1082
472 4383 582 4440 penitam
599 4381 664 4433 Mar.
678 4382 734 4434 Ald.
751 4383 850 4434 lJuut.
866 4383 907 4432 for
925 4385 1056 4445 geminum.
1156 4380 1219 4430 1089
1236 4380 1303 4442 quod
1320 4381 1360 4428 his
