2842 4860
635 256 684 320 IV

143 421 271 512 prodita
292 421 419 488 iudiciis
442 421 610 488 fallacibus
631 421 740 486 omnia
760 420 881 506 primis,

142 526 187 592 sic
208 526 311 614 igitur
331 526 414 591 ratio
436 526 498 591 tibi
520 549 627 591 rerum
648 547 749 611 prava
769 531 930 589 necessest

142 630 285 716 falsaque
308 629 360 707 sit,
382 629 469 694 falsis
492 652 713 715 quaecumque
735 628 777 692 ab
799 627 946 692 sensibus
968 633 1077 691 ortast.

186 733 284 798 Nunc
306 733 362 798 alii
384 756 495 799 sensus
518 756 581 819 quo
603 741 698 818 pacto
720 731 855 818 quisque
878 753 970 795 suam
992 753 1060 794 rem

43 899 47 904 .
142 837 271 915 sentiat,
293 837 544 922 haudquaquam
567 835 649 901 ratio
672 857 822 919 scruposa
843 833 956 898 relicta
976 841 1034 900 est.

186 941 347 1027 Principio
369 941 502 1006 auditur
523 964 619 1006 sonus
641 949 675 1006 et
697 963 758 1004 vox
781 938 892 1017 omnis,
914 938 949 1002 in
971 938 1057 1004 auris

142 1043 307 1109 insinuata
328 1067 385 1109 suo
407 1045 560 1130 pepulere
582 1043 640 1109 ubi
662 1066 791 1129 corpore
813 1065 951 1107 sensum.

142 1171 324 1234 corpoream
347 1171 448 1214 rocem
479 1170 605 1233 quoque
628 1147 715 1212 enim
738 1155 882 1211 constare
905 1144 1105 1219 fatendumst

142 1261 177 1318 et
198 1252 349 1330 sonitum,
372 1252 524 1339 quoniam
547 1260 681 1338 possunt
702 1251 857 1337 inpellere
880 1273 1001 1316 sensus.

142 1365 309 1444 praeterea
330 1357 415 1422 radit
436 1379 497 1421 vox
520 1359 627 1421 fauces
649 1379 744 1442 saepe
767 1356 907 1442 facitque

142 1460 302 1546 asperiora
322 1462 406 1525 foras
427 1459 577 1546 gradiens
598 1459 717 1525 arteria
738 1460 863 1525 clamor.

142 1564 261 1651 quippe
284 1573 538 1654 perangustum
561 1565 658 1629 turba
678 1564 798 1629 maiore
820 1571 928 1629 coorta

141 1667 188 1733 ire
210 1669 294 1734 foras
315 1669 373 1735 ubi
395 1678 570 1755 coeperunt
593 1669 768 1755 primordia
790 1692 912 1746 vocum,

141 1773 264 1839 scilicet
285 1773 408 1860 expleti
429 1797 556 1860 quoque
578 1774 677 1838 ianua
697 1773 824 1838 raditur
844 1773 914 1838 oris.

141 1878 229 1943 haud
250 1878 353 1966 igitur
374 1878 542 1944 dubiumst
564 1879 643 1965 quin
664 1902 757 1944 voces
779 1879 940 1964 verbaque
962 1885 1111 1942 constent

141 1983 299 2068 corporeis
322 2006 339 2048 e
361 1983 536 2069 principiis,
558 1993 597 2048 ut
619 1985 746 2049 laedere
769 1983 899 2070 possint.

141 2108 200 2150 nec
222 2094 256 2150 tc
278 2085 362 2150 fallit
383 2086 464 2151 item
487 2086 566 2173 quid
588 2086 726 2173 corporis
748 2088 873 2152 auferat
895 2093 930 2151 et
952 2085 1032 2172 quid

141 2189 292 2255 detrahat
313 2213 353 2255 ex
375 2191 543 2256 hominum
564 2191 671 2257 nervis
692 2214 729 2256 ac
751 2191 873 2256 viribus
893 2189 972 2276 ipsis

141 2303 318 2380 perpetuus
339 2318 443 2360 sermo
465 2295 570 2384 nigrai
591 2295 695 2361 noctis
717 2296 759 2359 ad
780 2296 929 2360 umbram

140 2423 272 2466 aurorae
294 2401 469 2486 perductus
491 2402 532 2466 ab
555 2402 718 2466 exoriente
741 2401 854 2478 nitore,

140 2505 330 2591 praesertim
352 2506 380 2571 si
402 2530 476 2572 cum
498 2516 655 2572 summost
677 2508 814 2572 clamore
836 2507 991 2592 profusus.

141 2633 216 2696 ergo
238 2633 421 2696 corpoream
443 2635 554 2677 vocem
576 2621 720 2678 constare
742 2621 911 2690 necessest,

140 2715 246 2780 multa
267 2716 401 2802 loquens
422 2718 574 2803 quoniam
596 2718 721 2784 amittit
744 2719 783 2784 de
806 2741 934 2804 corpore
957 2724 1092 2806 partem.

55 2835 114 2903 551
140 2820 296 2905 asperitas
318 2831 429 2887 autem
451 2823 537 2888 vocis
559 2824 598 2889 fit
619 2824 661 2890 ab
682 2824 857 2910 asperitate

140 2923 370 3010 principiorum
393 2926 529 2992 etitem
552 2927 640 2993 levor
660 2928 765 2992 levore
787 2936 921 2992 creatur.

56 3043 118 3112 542
141 3051 201 3093 nec
223 3028 322 3094 simili
343 3039 517 3115 penetrant
540 3031 626 3096 auris
647 3030 823 3118 primordia
844 3033 954 3108 forma,

141 3156 215 3198 cum
238 3135 319 3199 tuba
340 3135 488 3221 depresso
510 3137 653 3224 graviter
673 3138 733 3202 sub
755 3160 920 3202 murmure
942 3134 1049 3224 mugit
1199 3147 1259 3217 545

141 3245 176 3302 et
197 3237 309 3302 reboat
331 3261 464 3304 raucum
486 3240 573 3326 regio
595 3240 661 3305 cita
681 3241 817 3306 barbara
838 3240 1001 3318 bombum,

53 3425 129 3476 Junt.
141 3423 181 3474 ior
193 3439 285 3487 porea.
418 3427 466 3476 526
482 3443 564 3477 rocem
576 3442 628 3477 om.
640 3428 685 3477 AB
702 3427 784 3478 Nica:
802 3428 900 3492 rightly
909 3427 1023 3478 inserted
1038 3427 1073 3490 by
1085 3426 1166 3477 Lech.
1177 3427 1263 3478 before

54 3522 151 3572 qaoque
163 3508 243 3556 enim:
261 3506 330 3557 Flor.
342 3509 373 3557 31
386 3508 476 3561 Gamb.
490 3511 559 3574 vulg.
572 3511 644 3574 place
656 3511 677 3561 it
689 3513 762 3563 alter.
885 3514 933 3562 528
949 3514 1085 3562 Praetereo
1095 3510 1199 3562 roditA
1210 3509 1263 3560 and

54 3589 155 3642 Gellius
166 3604 183 3638 x
194 3589 234 3651 26,
248 3603 298 3638 one
310 3589 369 3640 Vct.
378 3591 454 3643 Pont.
466 3592 562 3642 Arane.
571 3592 675 3657 rightly.
705 3596 842 3657 Propterea
853 3597 924 3644 redit
935 3595 965 3644 B.
994 3596 1100 3644 Praeter
1109 3595 1180 3643 redit
1190 3591 1262 3642 Nico.

55 3687 105 3723 one
122 3671 181 3721 Ver.
198 3671 256 3721 Ver.
274 3672 339 3722 Ven.
356 3673 460 3724 whence
476 3676 582 3724 Praeter
598 3678 669 3727 redit
685 3678 751 3726 enim
766 3677 835 3727 Flor.
854 3678 884 3726 31
903 3674 992 3727 (lamb.
1007 3675 1093 3726 3Vat.
1107 3674 1178 3726 Brix.
1195 3674 1261 3725 Mar.

53 3756 165 3817 Nauger.
178 3753 246 3816 vulg.
288 3755 395 3804 Praeter
406 3759 472 3806 ern'm
481 3758 553 3806 redit
569 3758 640 3808 Junt.
751 3759 799 3808 532
816 3760 911 3821 expleti
922 3757 1002 3807 Lech.
1014 3758 1055 3807 for
1071 3759 1187 3821 expletis,
1199 3757 1262 3806 thus

54 3836 552 3902 simplyheelingadceperatepassage.
612 3840 867 3891 roditurBPolitian
875 3841 904 3890 in
912 3856 993 3903 marg.
1001 3841 1071 3890 Flor.
1080 3843 1127 3893 292
1143 3841 1263 3907 (creditur

53 3922 82 3972 in
94 3923 169 3983 text).
201 3920 301 3970 reditur
311 3923 334 3970 A
344 3922 433 3983 Nicc.;
450 3923 531 3972 hence
542 3925 658 3973 redditur
668 3925 738 3973 Flor.
751 3926 781 3974 31
795 3924 883 3976 Gamb.
898 3925 966 3987 vulg.
978 3924 1031 3975 end
1042 3926 1069 3974 to
1081 3923 1137 3987 give
1148 3939 1164 3975 a
1175 3938 1262 3973 mean-

52 4003 99 4066 ing
115 4005 143 4053 to
160 4002 205 4052 the
222 4018 337 4066 passage,
351 4004 416 4053 Mer.
429 4005 502 4054 Junt.
516 4005 567 4054 add
579 4020 594 4054 a
605 4020 677 4055 verse
688 4008 778 4056 Rauca
794 4008 889 4064 vitaer
904 4008 954 4056 tter
970 4008 1121 4070 laeditque
1135 4021 1184 4055 roe
1197 4007 1220 4055 r’t
1234 4007 1264 4054 ire

53 4101 145 4145 aaron
163 4085 259 4136 Avens.
277 4085 368 4146 taking
384 4088 435 4135 orie
452 4102 481 4137 ae
499 4103 515 4137 a
531 4087 599 4150 plur.
611 4087 674 4137 thus
690 4090 782 4138 Rauca
798 4091 852 4138 ruis
869 4096 893 4138 et
910 4092 960 4139 iter
974 4090 1123 4152 redditque
1139 4089 1264 4137 00111111

53 4183 141 4218 carae.
264 4169 312 4217 542
324 4168 372 4217 543
386 4168 442 4234 (551
454 4168 512 4234 552)
528 4167 625 4232 rightly
636 4168 726 4230 placed
737 4168 798 4219 here
808 4170 843 4233 by
853 4170 944 4222 Lamb.
959 4171 1024 4220 first.
1145 4171 1192 4220 543
1210 4172 1263 4221 levo

54 4254 142 4302 lettere
153 4250 207 4302 AB.
244 4252 474 4302 11011110011Μ111.
489 4250 659 4303 Aldllunt.
697 4254 781 4302 laevor
794 4255 890 4302 10111011
902 4253 993 4303 Lamb.
1081 4253 1264 4303 545marrnare

53 4334 124 4385 Brix.
137 4333 214 4383 Pont.
226 4332 292 4383 Mar.
304 4332 364 4383 Ald.
377 4333 391 4381 1
403 4333 476 4384 Junt.
490 4333 530 4383 lor
541 4349 677 4384 marmure.
809 4335 857 4385 546
871 4338 908 4386 Et
918 4338 1004 4386 reboat
1014 4351 1119 4386 roccam
1129 4337 1200 4398 regio
1211 4337 1265 4385 cite

53 4418 162 4467 tartare
177 4414 257 4464 Lech.
277 4415 317 4466 for
335 4417 371 4467 Et
390 4423 490 4468 revocet
510 4432 615 4469 raucam
632 4425 698 4470 retro
716 4419 770 4470 cito
788 4419 910 4471 borbore:
931 4417 976 4470 the
994 4417 1065 4470 older
1084 4417 1204 4480 readings
1221 4431 1265 4468 are

140 4535 176 4592 tt
1134 4524 1180 4589 ir
