2842 4860
133 416 208 457 nam
231 392 258 458 si
281 393 314 456 in
337 402 440 458 morte
464 394 617 480 malumst
639 393 733 457 malis
755 415 927 478 morsuque
950 395 1089 459 ferarum
1153 421 1159 433 ·

132 499 270 576 tractari,
295 521 359 563 non
381 499 512 563 invenio
534 499 592 583 qui
614 521 678 563 non
701 499 744 562 sit
766 499 918 562 acerbum

132 602 261 688 ignibus
283 602 459 685 inpositum
482 600 593 665 calidis
615 609 787 664 torrescere
810 600 950 666 flammis

132 707 246 773 autin
269 707 366 770 melle
389 707 488 770 situm
511 706 658 770 suffocari
681 715 779 791 atque
803 707 905 790 rigere

133 813 256 897 frigore,
281 834 354 874 cum
377 833 502 875 summo
525 810 623 895 gelidi
646 810 743 874 cubat
766 832 903 894 aequore
926 813 1004 890 saxi,

134 915 280 998 urgerive
303 936 440 999 superne
463 914 619 976 obtritum
642 912 783 998 pondere
805 921 918 977 terrae.

176 1020 267 1082 ‘Iam
289 1019 355 1082 iam
376 1040 442 1081 non
463 1018 577 1081 domus
599 1017 736 1102 accipiet
757 1026 791 1081 te
814 1019 908 1094 laeta,
931 1041 1036 1103 neque
1059 1042 1139 1082 uxor

134 1123 257 1208 optima
278 1145 337 1186 nec
359 1122 468 1186 dulces
491 1131 657 1186 occurrent
679 1123 786 1187 oscula
807 1123 877 1186 nati
1191 1128 1250 1206 895
1331 1127 1334 1133 ’

133 1227 313 1312 praeripere
337 1237 371 1292 et
393 1227 492 1291 tacita
514 1236 628 1312 pectus
650 1227 820 1291 dulcedine
843 1235 987 1311 tangent.

133 1355 198 1396 non
221 1334 340 1417 poteris
362 1334 455 1397 factis
477 1333 667 1396 florentibus
690 1354 767 1407 esse,
791 1332 921 1416 tuisque

44 1455 45 1459 ’
134 1436 337 1519 praesidium.
361 1437 476 1500 misero
498 1435 627 1500 misere’
651 1435 744 1500 aiunt
768 1437 896 1500 ‘omnia
916 1436 1039 1501 ademit

136 1562 199 1604 una
221 1540 289 1604 dies
311 1541 429 1604 infesta
450 1541 512 1604 tibi
535 1548 585 1605 tot
607 1540 751 1624 praemia
773 1539 878 1606 vitae’

134 1643 215 1707 illud
239 1644 273 1707 in
294 1644 344 1708 his
366 1645 463 1708 rebus
484 1667 549 1707 non
573 1644 699 1707 addunt
723 1651 800 1707 ‘nec
823 1643 885 1707 tibi
908 1666 1018 1707 earum
1190 1661 1255 1726 900

134 1746 200 1809 iam
222 1745 416 1810 desiderium
438 1769 546 1810 rerum
569 1768 665 1830 super
686 1745 807 1810 insidet
829 1745 911 1809 una'

135 1851 221 1933 quod
243 1851 325 1915 bene
348 1852 376 1915 si
398 1852 531 1915 videant
553 1852 661 1915 animo
684 1850 844 1935 dictisque
867 1859 1051 1935 sequantur,

134 1953 311 2018 dissoluant
333 1955 432 2017 animi
456 1976 572 2038 magno
595 1976 628 2017 se
651 1975 769 2039 angore
792 1961 958 2038 metuque.

134 2065 192 2121 ‘tu
215 2059 347 2144 quidem
369 2068 407 2123 ut
430 2081 464 2123 es
485 2058 550 2123 leto
573 2059 705 2143 sopitus
728 2058 773 2122 sic
795 2058 856 2121 eris
879 2056 950 2121 aevi

134 2162 220 2246 quod
242 2170 388 2247 superest
410 2162 534 2226 cunctis
556 2161 693 2247 privatu’
716 2161 879 2224 doloribus
902 2160 1025 2246 aegris:
1190 2174 1252 2242 905

136 2279 172 2330 at
193 2288 251 2330 nos
273 2266 420 2329 horrifico
442 2266 636 2329 cinefactum
660 2273 694 2328 te
717 2287 814 2349 prope
838 2266 931 2328 busto

136 2369 362 2434 insatiabiliter
384 2368 581 2447 deflevimus
605 2376 839 2453 aeternumque

137 2471 227 2535 nulla
249 2470 316 2534 dies
338 2471 430 2535 nobis
452 2492 630 2534 maerorem
653 2493 670 2534 e
693 2478 823 2554 pectore
845 2471 972 2535 demet!

136 2576 217 2640 illud
240 2576 281 2639 ab
303 2576 363 2639 hoc
385 2576 486 2661 igitur
507 2575 728 2659 quaerendum
752 2584 809 2651 est,
832 2576 911 2660 quid
934 2577 976 2639 sit
998 2576 1101 2639 amari

135 2688 227 2743 tanto
249 2702 353 2763 opere,
377 2681 417 2743 ad
440 2702 589 2743 somnum
612 2680 639 2743 si
662 2702 711 2742 res
734 2680 818 2743 redit
841 2688 940 2764 atque
963 2680 1115 2764 quietem,
1191 2697 1256 2760 910

137 2806 193 2846 cur
215 2783 387 2868 quisquam
409 2792 539 2847 aeterno
561 2783 662 2869 possit
684 2784 847 2847 tabescere
870 2783 969 2848 luctu.

180 2887 252 2950 Hoc
275 2887 374 2950 etiam
397 2887 520 2950 faciunt
542 2887 598 2951 ubi
621 2887 809 2951 discubuere
832 2895 1010 2973 tenentque

137 2992 252 3076 pocula
274 3013 367 3074 saepe
390 2990 535 3054 homines
558 2998 591 3053 et
614 2990 802 3054 inumbrant
824 3013 879 3054 ora
901 2991 1031 3066 coronis,

137 3119 177 3158 ex
199 3094 306 3158 animo
329 3103 367 3157 ut
388 3094 497 3158 dicant
520 3093 643 3157 ‘brevis
666 3093 718 3156 hic
742 3101 791 3157 est
813 3095 935 3158 fructus
957 3093 1130 3172 homullis;

137 3199 202 3262 iam
225 3198 322 3262 fuerit
345 3220 450 3282 neque
473 3206 545 3282 post
567 3220 723 3283 umquam
745 3220 892 3262 revocare
914 3197 1041 3262 licebit?
1192 3211 1254 3278 915

138 3310 306 3385 tamquam
329 3302 363 3364 in
386 3309 489 3364 morte
512 3300 685 3364 malicum
707 3300 820 3384 prirnis
843 3300 903 3363 hoc
925 3300 968 3364 sit
990 3322 1111 3380 eorum,

139 3404 224 3488 quod
247 3404 317 3468 sitis
340 3413 455 3468 exurat
477 3404 609 3468 miseros
631 3412 729 3488 atque
752 3404 841 3467 arida
863 3412 972 3480 torres,

138 3516 196 3571 aut
218 3509 299 3572 aliae
322 3508 413 3572 cuius
435 3509 629 3572 desiderium
653 3508 791 3572 insideat
813 3507 867 3571 rei.

137 3634 196 3675 nec
219 3611 281 3676 sibi
303 3613 390 3675 enim
413 3613 584 3698 quisquam
607 3621 680 3676 tum
703 3635 736 3677 se
760 3614 924 3697 vitamque
946 3611 1089 3696 requirit,

84 3800 132 3849 893
149 3800 268 3848 obtritum
285 3798 362 3848 Pont.
380 3799 445 3848 Mar.
462 3799 520 3847 Ald.
540 3800 638 3850 lJunt.
655 3801 695 3848 101
711 3803 832 3850 obrutum.
931 3800 1052 3850 8941am
1069 3802 1122 3848 iam
1136 3799 1206 3847 Flor.
1226 3800 1258 3846 31

51 3879 229 3929 4Vat.Lach.
265 3879 478 3928 AmiamANicc.
515 3882 623 3928 Vimiarn
634 3880 663 3931 B.
700 3879 1257 3939 1111111Ρο111.Μ11.Α111.1111111.11111.

51 3963 86 4010 At
97 3962 150 4009 iam
161 3960 184 4009 is
198 3960 310 4023 perhaps
325 3961 404 4022 right.
502 3964 550 4012 897
567 3963 615 4011 898
631 3961 722 4011 Lamb.
739 3962 788 4010 has
805 3960 928 4023 departed
944 3960 1036 4024 widely
1052 3961 1119 4009 from
1136 3960 1179 4010 tha
1196 3975 1258 4009 mss.

51 4041 163 4091 without
185 4057 237 4104 any
253 4056 339 4099 cause,
353 4042 462 4104 reading
479 4045 527 4092 tibi
539 4045 652 4106 sortibus
670 4044 710 4092 for
721 4047 881 4108 florentibus,
900 4047 976 4093 miser
992 4060 1006 4092 o
1022 4046 1098 4092 miser
1114 4043 1153 4092 for
1169 4045 1259 4092 misero

51 4127 146 4175 misere.
245 4126 294 4175 902
311 4127 377 4187 quod
393 4125 463 4174 Nice.
481 4125 521 4175 for
540 4128 600 4188 Quo.
703 4127 848 4178 904-908:
871 4129 900 4174 to
922 4124 996 4175 these
1013 4140 1098 4174 verses
1114 4124 1192 4172 Bern.
1209 4123 1259 4173 has

46 4207 172 4271 properly
188 4206 309 4257 attached
323 4207 368 4256 the
384 4207 459 4256 mark
475 4209 504 4257 01
518 4207 683 4271 apostropha.
821 4208 870 4259 914
876 4208 978 4270 fructur
989 4207 1058 4257 Flor.
1073 4206 1104 4254 31
1118 4205 1207 4254 Camb.
1219 4205 1259 4253 101

46 4291 151 4353 fluctus.
283 4289 332 4339 917
349 4295 426 4339 torres
436 4289 518 4339 bach.
530 4290 571 4338 101
588 4297 664 4340 torret
678 4289 709 4350 A,
724 4296 805 4339 torret
815 4289 838 4338 A
849 4304 914 4338 corr.
927 4289 949 4336 B
961 4288 1032 4337 Nice.
1067 4295 1134 4336 terra
1145 4287 1214 4335 Flor.
1227 4287 1257 4335 31

53 4371 144 4424 (lamb.
164 4371 235 4422 11011.
253 4369 346 4431 hamb.
509 4373 557 4424 919
572 4375 681 4436 requirit
699 4371 768 4423 Flor.
791 4372 823 4422 29
838 4385 902 4420 corr.
919 4369 1066 4436 (Politiantl
1086 4369 1174 4419 (lamb.
1193 4384 1258 4418 corr.
