<?xml version="1.0" encoding="UTF-8"?>
<!DOCTYPE html PUBLIC "-//W3C//DTD XHTML 1.0 Transitional//EN"
    "http://www.w3.org/TR/xhtml1/DTD/xhtml1-transitional.dtd">
<html xmlns="http://www.w3.org/1999/xhtml" xml:lang="en" lang="en">
 <head>
  <title>
</title>
<meta http-equiv="Content-Type" content="text/html;charset=utf-8" />
  <meta name='ocr-system' content='tesseract 3.04.00' />
  <meta name='ocr-capabilities' content='ocr_page ocr_carea ocr_par ocr_line ocrx_word'/>
</head>
<body>
  <div class='ocr_page' id='page_1' title='image "./tlucreticarider01munrgoog_0095.png"; bbox 0 0 2842 4860; ppageno 0'>
   <div class='ocr_carea' id='block_1_1' title="bbox 524 840 1000 918">
    <p class='ocr_par' dir='ltr' id='par_1_1' title="bbox 524 840 1000 918">
     <span class='ocr_line' id='line_1_1' title="bbox 524 840 1000 918; baseline 0 -2"><span class='ocrx_word' id='word_1_1' title='bbox 524 843 564 916; x_wconf 87' lang='lat' dir='ltr'>T.</span> <span class='ocrx_word' id='word_1_2' title='bbox 603 840 837 918; x_wconf 85' lang='lat' dir='ltr'><strong>LUORETI</strong></span> <span class='ocrx_word' id='word_1_3' title='bbox 874 841 1000 917; x_wconf 82' lang='lat' dir='ltr'><strong>CARI</strong></span> 
     </span>
    </p>
   </div>
   <div class='ocr_carea' id='block_1_2' title="bbox 391 1117 1131 1204">
    <p class='ocr_par' dir='ltr' id='par_1_2' title="bbox 391 1117 1131 1204">
     <span class='ocr_line' id='line_1_2' title="bbox 391 1117 1131 1204; baseline 0.005 -4"><span class='ocrx_word' id='word_1_4' title='bbox 391 1117 481 1202; x_wconf 89' lang='lat' dir='ltr'>DE</span> <span class='ocrx_word' id='word_1_5' title='bbox 539 1117 783 1204; x_wconf 85' lang='lat' dir='ltr'>RERUM</span> <span class='ocrx_word' id='word_1_6' title='bbox 843 1118 1131 1204; x_wconf 85' lang='lat' dir='ltr'><strong>NATURA</strong></span> 
     </span>
    </p>
   </div>
   <div class='ocr_carea' id='block_1_3' title="bbox 565 1403 962 1463">
    <p class='ocr_par' dir='ltr' id='par_1_3' title="bbox 565 1403 962 1463">
     <span class='ocr_line' id='line_1_3' title="bbox 565 1403 962 1463; baseline -0.003 -1"><span class='ocrx_word' id='word_1_7' title='bbox 565 1405 696 1462; x_wconf 87' lang='lat' dir='ltr'>LIBER</span> <span class='ocrx_word' id='word_1_8' title='bbox 733 1403 962 1463; x_wconf 79' lang='lat' dir='ltr'>SECUNDUS</span> 
     </span>
    </p>
   </div>
   <div class='ocr_carea' id='block_1_4' title="bbox 205 1772 1310 3636">
    <p class='ocr_par' dir='ltr' id='par_1_4' title="bbox 205 1772 1310 3636">
     <span class='ocr_line' id='line_1_4' title="bbox 248 1772 1134 1873; baseline -0.002 -21"><span class='ocrx_word' id='word_1_9' title='bbox 248 1786 364 1863; x_wconf 85' lang='lat' dir='ltr'>Suave,</span> <span class='ocrx_word' id='word_1_10' title='bbox 385 1786 467 1850; x_wconf 90' lang='lat' dir='ltr'>mari</span> <span class='ocrx_word' id='word_1_11' title='bbox 488 1808 606 1873; x_wconf 87' lang='lat' dir='ltr'>magno</span> <span class='ocrx_word' id='word_1_12' title='bbox 628 1785 837 1851; x_wconf 78' lang='lat' dir='ltr'><strong>turbantibus</strong></span> <span class='ocrx_word' id='word_1_13' title='bbox 858 1772 998 1871; x_wconf 84' lang='lat' dir='ltr'>aequora</span> <span class='ocrx_word' id='word_1_14' title='bbox 1018 1785 1134 1863; x_wconf 86' lang='lat' dir='ltr'>ventis,</span> 
     </span>
     <span class='ocr_line' id='line_1_5' title="bbox 248 1890 1054 1976; baseline -0.004 -20"><span class='ocrx_word' id='word_1_15' title='bbox 248 1915 266 1956; x_wconf 91' lang='lat' dir='ltr'>e</span> <span class='ocrx_word' id='word_1_16' title='bbox 288 1899 375 1956; x_wconf 91' lang='lat' dir='ltr'>terra</span> <span class='ocrx_word' id='word_1_17' title='bbox 395 1913 551 1976; x_wconf 83' lang='lat' dir='ltr'>magnum</span> <span class='ocrx_word' id='word_1_18' title='bbox 573 1890 706 1954; x_wconf 90' lang='lat' dir='ltr'>alterius</span> <span class='ocrx_word' id='word_1_19' title='bbox 728 1898 872 1975; x_wconf 88' lang='lat' dir='ltr'>spectare</span> <span class='ocrx_word' id='word_1_20' title='bbox 894 1891 1054 1971; x_wconf 91' lang='lat' dir='ltr'>laborem;</span> 
     </span>
     <span class='ocr_line' id='line_1_6' title="bbox 246 1993 1132 2079; baseline 0.002 -21"><span class='ocrx_word' id='word_1_21' title='bbox 246 2017 311 2058; x_wconf 92' lang='lat' dir='ltr'>non</span> <span class='ocrx_word' id='word_1_22' title='bbox 333 1995 411 2079; x_wconf 91' lang='lat' dir='ltr'>quia</span> <span class='ocrx_word' id='word_1_23' title='bbox 431 1993 541 2059; x_wconf 88' lang='lat' dir='ltr'>vexari</span> <span class='ocrx_word' id='word_1_24' title='bbox 563 2001 791 2078; x_wconf 78' lang='lat' dir='ltr'><strong>quemquamst</strong></span> <span class='ocrx_word' id='word_1_25' title='bbox 812 1993 954 2058; x_wconf 88' lang='lat' dir='ltr'>iucunda</span> <span class='ocrx_word' id='word_1_26' title='bbox 974 1993 1132 2079; x_wconf 86' lang='lat' dir='ltr'>voluptas,</span> 
     </span>
     <span class='ocr_line' id='line_1_7' title="bbox 246 2097 1310 2185; baseline 0 -21"><span class='ocrx_word' id='word_1_27' title='bbox 246 2100 303 2164; x_wconf 92' lang='lat' dir='ltr'>sed</span> <span class='ocrx_word' id='word_1_28' title='bbox 325 2099 442 2184; x_wconf 92' lang='lat' dir='ltr'>quibus</span> <span class='ocrx_word' id='word_1_29' title='bbox 464 2099 532 2185; x_wconf 89' lang='lat' dir='ltr'>ipse</span> <span class='ocrx_word' id='word_1_30' title='bbox 555 2098 648 2163; x_wconf 89' lang='lat' dir='ltr'>malis</span> <span class='ocrx_word' id='word_1_31' title='bbox 670 2120 777 2162; x_wconf 89' lang='lat' dir='ltr'>careas</span> <span class='ocrx_word' id='word_1_32' title='bbox 798 2097 876 2183; x_wconf 90' lang='lat' dir='ltr'>quia</span> <span class='ocrx_word' id='word_1_33' title='bbox 897 2121 1026 2163; x_wconf 84' lang='lat' dir='ltr'>comere</span> <span class='ocrx_word' id='word_1_34' title='bbox 1048 2122 1146 2164; x_wconf 90' lang='lat' dir='ltr'>suave</span> <span class='ocrx_word' id='word_1_35' title='bbox 1168 2107 1228 2164; x_wconf 91' lang='lat' dir='ltr'>est.</span> <span class='ocrx_word' id='word_1_36' title='bbox 1301 2113 1310 2131; x_wconf 63' lang='lat'>⁸</span> 
     </span>
     <span class='ocr_line' id='line_1_8' title="bbox 205 2179 1015 2287; baseline -0.001 -21"><span class='ocrx_word' id='word_1_37' title='bbox 205 2203 227 2266; x_wconf 91' lang='lat'><strong>6</strong></span> <span class='ocrx_word' id='word_1_38' title='bbox 248 2225 345 2267; x_wconf 87' lang='lat' dir='ltr'>suave</span> <span class='ocrx_word' id='word_1_39' title='bbox 367 2200 468 2266; x_wconf 88' lang='lat' dir='ltr'>etiam</span> <span class='ocrx_word' id='word_1_40' title='bbox 490 2201 568 2265; x_wconf 92' lang='lat' dir='ltr'>belli</span> <span class='ocrx_word' id='word_1_41' title='bbox 590 2200 768 2265; x_wconf 89' lang='lat' dir='ltr'>certamina</span> <span class='ocrx_word' id='word_1_42' title='bbox 789 2179 908 2287; x_wconf 75' lang='lat' dir='ltr'>magna</span> <span class='ocrx_word' id='word_1_43' title='bbox 929 2201 1015 2265; x_wconf 90' lang='lat' dir='ltr'>tueri</span> 
     </span>
     <span class='ocr_line' id='line_1_9' title="bbox 207 2303 1062 2392; baseline 0.002 -22"><span class='ocrx_word' id='word_1_44' title='bbox 207 2322 222 2387; x_wconf 80' lang='lat'><strong>5</strong></span> <span class='ocrx_word' id='word_1_45' title='bbox 247 2328 305 2391; x_wconf 91' lang='lat' dir='ltr'>per</span> <span class='ocrx_word' id='word_1_46' title='bbox 326 2327 455 2392; x_wconf 88' lang='lat' dir='ltr'>campos</span> <span class='ocrx_word' id='word_1_47' title='bbox 476 2305 636 2369; x_wconf 88' lang='lat' dir='ltr'>instructa</span> <span class='ocrx_word' id='word_1_48' title='bbox 657 2313 717 2369; x_wconf 91' lang='lat' dir='ltr'>tua</span> <span class='ocrx_word' id='word_1_49' title='bbox 738 2303 806 2370; x_wconf 92' lang='lat' dir='ltr'>sine</span> <span class='ocrx_word' id='word_1_50' title='bbox 828 2314 921 2390; x_wconf 87' lang='lat' dir='ltr'>parte</span> <span class='ocrx_word' id='word_1_51' title='bbox 943 2306 1062 2391; x_wconf 88' lang='lat' dir='ltr'>pericli.</span> 
     </span>
     <span class='ocr_line' id='line_1_10' title="bbox 247 2395 1106 2498; baseline 0 -24"><span class='ocrx_word' id='word_1_52' title='bbox 247 2407 304 2474; x_wconf 91' lang='lat' dir='ltr'>sed</span> <span class='ocrx_word' id='word_1_53' title='bbox 325 2409 372 2472; x_wconf 93' lang='lat' dir='ltr'>nil</span> <span class='ocrx_word' id='word_1_54' title='bbox 394 2408 519 2473; x_wconf 89' lang='lat' dir='ltr'>dulcius</span> <span class='ocrx_word' id='word_1_55' title='bbox 541 2416 600 2485; x_wconf 91' lang='lat' dir='ltr'>est,</span> <span class='ocrx_word' id='word_1_56' title='bbox 620 2409 703 2473; x_wconf 89' lang='lat' dir='ltr'>bene</span> <span class='ocrx_word' id='word_1_57' title='bbox 726 2431 823 2493; x_wconf 90' lang='lat' dir='ltr'>quam</span> <span class='ocrx_word' id='word_1_58' title='bbox 845 2395 974 2498; x_wconf 63' lang='lat' dir='ltr'>munita</span> <span class='ocrx_word' id='word_1_59' title='bbox 995 2417 1106 2475; x_wconf 88' lang='lat' dir='ltr'>tenere</span> 
     </span>
     <span class='ocr_line' id='line_1_11' title="bbox 249 2509 998 2611; baseline -0.003 -33"><span class='ocrx_word' id='word_1_60' title='bbox 249 2509 514 2605; x_wconf 57' lang='lat' dir='ltr'>edita&#39;doctrina&#39;</span> <span class='ocrx_word' id='word_1_61' title='bbox 526 2513 710 2597; x_wconf 80' lang='lat' dir='ltr'>sapientum</span> <span class='ocrx_word' id='word_1_62' title='bbox 732 2513 856 2605; x_wconf 72' lang='lat' dir='ltr'>templa</span> <span class='ocrx_word' id='word_1_63' title='bbox 877 2535 998 2611; x_wconf 58' lang='lat' dir='ltr'>sermm,</span> 
     </span>
     <span class='ocr_line' id='line_1_12' title="bbox 249 2608 1076 2703; baseline 0.001 -22"><span class='ocrx_word' id='word_1_64' title='bbox 249 2615 411 2702; x_wconf 80' lang='lat' dir='ltr'>despicere</span> <span class='ocrx_word' id='word_1_65' title='bbox 432 2616 518 2681; x_wconf 91' lang='lat' dir='ltr'>unde</span> <span class='ocrx_word' id='word_1_66' title='bbox 541 2608 640 2701; x_wconf 76' lang='lat' dir='ltr'>queas</span> <span class='ocrx_word' id='word_1_67' title='bbox 661 2616 740 2681; x_wconf 83' lang='lat' dir='ltr'>ahos</span> <span class='ocrx_word' id='word_1_68' title='bbox 761 2616 944 2703; x_wconf 78' lang='lat' dir='ltr'>passimque</span> <span class='ocrx_word' id='word_1_69' title='bbox 967 2617 1076 2682; x_wconf 88' lang='lat' dir='ltr'>videre</span> 
     </span>
     <span class='ocr_line' id='line_1_13' title="bbox 249 2720 1038 2806; baseline 0 -20"><span class='ocrx_word' id='word_1_70' title='bbox 249 2742 353 2786; x_wconf 88' lang='lat' dir='ltr'>errare</span> <span class='ocrx_word' id='word_1_71' title='bbox 374 2728 474 2805; x_wconf 90' lang='lat' dir='ltr'>atque</span> <span class='ocrx_word' id='word_1_72' title='bbox 495 2720 582 2784; x_wconf 89' lang='lat' dir='ltr'>viam</span> <span class='ocrx_word' id='word_1_73' title='bbox 603 2720 744 2805; x_wconf 89' lang='lat' dir='ltr'>palantis</span> <span class='ocrx_word' id='word_1_74' title='bbox 766 2743 919 2806; x_wconf 85' lang='lat' dir='ltr'>quaerere</span> <span class='ocrx_word' id='word_1_75' title='bbox 941 2721 1038 2798; x_wconf 86' lang='lat' dir='ltr'>vitae,</span> 
     </span>
     <span class='ocr_line' id='line_1_14' title="bbox 248 2824 950 2910; baseline 0 -20"><span class='ocrx_word' id='word_1_76' title='bbox 248 2833 371 2890; x_wconf 83' lang='lat' dir='ltr'>certare</span> <span class='ocrx_word' id='word_1_77' title='bbox 392 2824 531 2910; x_wconf 80' lang='lat' dir='ltr'>ingenie,</span> <span class='ocrx_word' id='word_1_78' title='bbox 554 2825 746 2890; x_wconf 76' lang='lat' dir='ltr'>contendere</span> <span class='ocrx_word' id='word_1_79' title='bbox 768 2825 950 2901; x_wconf 88' lang='lat' dir='ltr'>nobilitate,</span> 
     </span>
     <span class='ocr_line' id='line_1_15' title="bbox 248 2927 991 3013; baseline 0.001 -22"><span class='ocrx_word' id='word_1_80' title='bbox 248 2936 359 2992; x_wconf 89' lang='lat' dir='ltr'>noctes</span> <span class='ocrx_word' id='word_1_81' title='bbox 379 2935 479 3013; x_wconf 91' lang='lat' dir='ltr'>atque</span> <span class='ocrx_word' id='word_1_82' title='bbox 500 2927 570 2992; x_wconf 90' lang='lat' dir='ltr'>dies</span> <span class='ocrx_word' id='word_1_83' title='bbox 591 2927 654 2991; x_wconf 91' lang='lat' dir='ltr'>niti</span> <span class='ocrx_word' id='word_1_84' title='bbox 676 2936 862 3013; x_wconf 76' lang='lat' dir='ltr'>praestante</span> <span class='ocrx_word' id='word_1_85' title='bbox 883 2928 991 2993; x_wconf 90' lang='lat' dir='ltr'>labore</span> 
     </span>
     <span class='ocr_line' id='line_1_16' title="bbox 250 3031 1063 3118; baseline 0.001 -22"><span class='ocrx_word' id='word_1_86' title='bbox 250 3031 292 3096; x_wconf 88' lang='lat' dir='ltr'>ad</span> <span class='ocrx_word' id='word_1_87' title='bbox 314 3053 456 3096; x_wconf 89' lang='lat' dir='ltr'>summas</span> <span class='ocrx_word' id='word_1_88' title='bbox 478 3053 641 3118; x_wconf 86' lang='lat' dir='ltr'>emergere</span> <span class='ocrx_word' id='word_1_89' title='bbox 664 3054 740 3117; x_wconf 91' lang='lat' dir='ltr'>opes</span> <span class='ocrx_word' id='word_1_90' title='bbox 763 3055 935 3117; x_wconf 88' lang='lat' dir='ltr'>rerumque</span> <span class='ocrx_word' id='word_1_91' title='bbox 957 3032 1063 3117; x_wconf 92' lang='lat' dir='ltr'>potiri.</span> 
     </span>
     <span class='ocr_line' id='line_1_17' title="bbox 250 3135 1100 3221; baseline 0.001 -22"><span class='ocrx_word' id='word_1_92' title='bbox 250 3158 269 3199; x_wconf 93' lang='grc' dir='ltr'>ο</span> <span class='ocrx_word' id='word_1_93' title='bbox 290 3135 423 3200; x_wconf 88' lang='lat' dir='ltr'>miseras</span> <span class='ocrx_word' id='word_1_94' title='bbox 444 3136 614 3200; x_wconf 92' lang='lat' dir='ltr'>hominum</span> <span class='ocrx_word' id='word_1_95' title='bbox 635 3144 772 3212; x_wconf 87' lang='lat' dir='ltr'>mentes,</span> <span class='ocrx_word' id='word_1_96' title='bbox 794 3159 814 3200; x_wconf 93' lang='lat' dir='ltr'>o</span> <span class='ocrx_word' id='word_1_97' title='bbox 835 3144 967 3221; x_wconf 88' lang='lat' dir='ltr'>pectora</span> <span class='ocrx_word' id='word_1_98' title='bbox 988 3142 1100 3201; x_wconf 86' lang='lat' dir='ltr'>caeca!</span> 
     </span>
     <span class='ocr_line' id='line_1_18' title="bbox 250 3238 1095 3326; baseline -0.001 -21"><span class='ocrx_word' id='word_1_99' title='bbox 250 3240 399 3326; x_wconf 89' lang='lat' dir='ltr'>qualibus</span> <span class='ocrx_word' id='word_1_100' title='bbox 420 3239 456 3303; x_wconf 94' lang='lat' dir='ltr'>in</span> <span class='ocrx_word' id='word_1_101' title='bbox 477 3239 619 3304; x_wconf 89' lang='lat' dir='ltr'>tenebris</span> <span class='ocrx_word' id='word_1_102' title='bbox 642 3240 728 3303; x_wconf 84' lang='lat' dir='ltr'>vitae</span> <span class='ocrx_word' id='word_1_103' title='bbox 750 3239 945 3324; x_wconf 88' lang='lat' dir='ltr'>quantisque</span> <span class='ocrx_word' id='word_1_104' title='bbox 967 3238 1095 3324; x_wconf 87' lang='lat' dir='ltr'>periclis</span> 
     </span>
     <span class='ocr_line' id='line_1_19' title="bbox 249 3340 1112 3431; baseline -0.002 -22"><span class='ocrx_word' id='word_1_105' title='bbox 249 3343 379 3431; x_wconf 86' lang='lat' dir='ltr'>degitur</span> <span class='ocrx_word' id='word_1_106' title='bbox 399 3343 459 3407; x_wconf 89' lang='lat' dir='ltr'>hoc</span> <span class='ocrx_word' id='word_1_107' title='bbox 481 3341 553 3406; x_wconf 90' lang='lat' dir='ltr'>aevi</span> <span class='ocrx_word' id='word_1_108' title='bbox 574 3342 849 3427; x_wconf 88' lang='lat' dir='ltr'>quodcumquestl</span> <span class='ocrx_word' id='word_1_109' title='bbox 876 3364 983 3407; x_wconf 92' lang='lat' dir='ltr'>nonne</span> <span class='ocrx_word' id='word_1_110' title='bbox 1002 3340 1112 3407; x_wconf 91' lang='lat' dir='ltr'>videre</span> 
     </span>
     <span class='ocr_line' id='line_1_20' title="bbox 248 3446 1015 3532; baseline -0.003 -20"><span class='ocrx_word' id='word_1_111' title='bbox 248 3447 296 3512; x_wconf 92' lang='lat' dir='ltr'>nil</span> <span class='ocrx_word' id='word_1_112' title='bbox 317 3447 407 3512; x_wconf 91' lang='lat' dir='ltr'>aliud</span> <span class='ocrx_word' id='word_1_113' title='bbox 429 3447 491 3512; x_wconf 91' lang='lat' dir='ltr'>sibi</span> <span class='ocrx_word' id='word_1_114' title='bbox 512 3455 663 3511; x_wconf 88' lang='lat' dir='ltr'>naturam</span> <span class='ocrx_word' id='word_1_115' title='bbox 685 3447 813 3524; x_wconf 90' lang='lat' dir='ltr'>latrare,</span> <span class='ocrx_word' id='word_1_116' title='bbox 834 3446 897 3510; x_wconf 91' lang='lat' dir='ltr'>nisi</span> <span class='ocrx_word' id='word_1_117' title='bbox 918 3446 1015 3532; x_wconf 90' lang='lat' dir='ltr'>utqui</span> 
     </span>
     <span class='ocr_line' id='line_1_21' title="bbox 250 3548 1076 3636; baseline -0.002 -20"><span class='ocrx_word' id='word_1_118' title='bbox 250 3572 380 3636; x_wconf 88' lang='lat' dir='ltr'>corpore</span> <span class='ocrx_word' id='word_1_119' title='bbox 402 3550 568 3615; x_wconf 90' lang='lat' dir='ltr'>seiunctus</span> <span class='ocrx_word' id='word_1_120' title='bbox 589 3549 678 3614; x_wconf 92' lang='lat' dir='ltr'>dolor</span> <span class='ocrx_word' id='word_1_121' title='bbox 699 3548 793 3628; x_wconf 90' lang='lat' dir='ltr'>absit,</span> <span class='ocrx_word' id='word_1_122' title='bbox 816 3558 926 3614; x_wconf 88' lang='lat' dir='ltr'>mente</span> <span class='ocrx_word' id='word_1_123' title='bbox 949 3550 1076 3614; x_wconf 84' lang='lat' dir='ltr'>fruatur</span> 
     </span>
    </p>
   </div>
   <div class='ocr_carea' id='block_1_5' title="bbox 163 3708 1376 4346">
    <p class='ocr_par' dir='ltr' id='par_1_5' title="bbox 163 3708 1376 4346">
     <span class='ocr_line' id='line_1_22' title="bbox 212 3708 1376 3772; baseline -0.003 -10"><span class='ocrx_word' id='word_1_124' title='bbox 212 3713 228 3762; x_wconf 80' lang='lat'><strong>5</strong></span> <span class='ocrx_word' id='word_1_125' title='bbox 240 3710 294 3761; x_wconf 82' lang='lat' dir='ltr'>and</span> <span class='ocrx_word' id='word_1_126' title='bbox 304 3710 319 3760; x_wconf 91' lang='grc'><strong>6</strong></span> <span class='ocrx_word' id='word_1_127' title='bbox 330 3709 427 3772; x_wconf 78' lang='lat' dir='ltr'>rightly</span> <span class='ocrx_word' id='word_1_128' title='bbox 437 3709 592 3772; x_wconf 83' lang='lat' dir='ltr'>transposed</span> <span class='ocrx_word' id='word_1_129' title='bbox 602 3710 636 3772; x_wconf 86' lang='lat' dir='ltr'>by</span> <span class='ocrx_word' id='word_1_130' title='bbox 646 3709 784 3758; x_wconf 87' lang='lat' dir='ltr'>Avancius.</span> <span class='ocrx_word' id='word_1_131' title='bbox 905 3710 935 3757; x_wconf 83' lang='lat'>12</span> <span class='ocrx_word' id='word_1_132' title='bbox 944 3715 1092 3772; x_wconf 81' lang='lat' dir='ltr'>praestante</span> <span class='ocrx_word' id='word_1_133' title='bbox 1100 3710 1205 3772; x_wconf 82' lang='lat' dir='ltr'>plabcrc</span> <span class='ocrx_word' id='word_1_134' title='bbox 1216 3708 1269 3758; x_wconf 84' lang='lat' dir='ltr'>AB.</span> <span class='ocrx_word' id='word_1_135' title='bbox 1300 3723 1376 3772; x_wconf 80' lang='lat' dir='ltr'>prae-</span> 
     </span>
     <span class='ocr_line' id='line_1_23' title="bbox 163 3788 1373 3856; baseline -0.005 -12"><span class='ocrx_word' id='word_1_136' title='bbox 163 3801 259 3844; x_wconf 77' lang='lat' dir='ltr'>stantes</span> <span class='ocrx_word' id='word_1_137' title='bbox 272 3808 336 3856; x_wconf 82' lang='lat' dir='ltr'>prce</span> <span class='ocrx_word' id='word_1_138' title='bbox 354 3794 439 3841; x_wconf 79' lang='lat' dir='ltr'>labore</span> <span class='ocrx_word' id='word_1_139' title='bbox 456 3790 526 3840; x_wconf 88' lang='lat' dir='ltr'>Nicc.</span> <span class='ocrx_word' id='word_1_140' title='bbox 546 3805 572 3853; x_wconf 88' lang='lat' dir='ltr'>p.</span> <span class='ocrx_word' id='word_1_141' title='bbox 592 3806 627 3839; x_wconf 90' lang='lat' dir='ltr'>m.</span> <span class='ocrx_word' id='word_1_142' title='bbox 793 3790 823 3839; x_wconf 89' lang='grc'>16</span> <span class='ocrx_word' id='word_1_143' title='bbox 841 3805 921 3839; x_wconf 75' lang='lat' dir='ltr'>nonae</span> <span class='ocrx_word' id='word_1_144' title='bbox 939 3791 1026 3839; x_wconf 72' lang='lat' dir='ltr'>viden</span> <span class='ocrx_word' id='word_1_145' title='bbox 1045 3790 1090 3838; x_wconf 83' lang='lat' dir='ltr'>AB</span> <span class='ocrx_word' id='word_1_146' title='bbox 1110 3790 1181 3841; x_wconf 78' lang='lat' dir='ltr'>Gott</span> <span class='ocrx_word' id='word_1_147' title='bbox 1204 3788 1289 3839; x_wconf 78' lang='lat' dir='ltr'>ulrich</span> <span class='ocrx_word' id='word_1_148' title='bbox 1309 3791 1373 3850; x_wconf 71' lang='lat' dir='ltr'>Gis„</span> 
     </span>
     <span class='ocr_line' id='line_1_24' title="bbox 163 3869 1375 3937; baseline -0.004 -11"><span class='ocrx_word' id='word_1_149' title='bbox 163 3875 280 3926; x_wconf 81' lang='lat' dir='ltr'>followed</span> <span class='ocrx_word' id='word_1_150' title='bbox 295 3875 386 3937; x_wconf 80' lang='lat' dir='ltr'>tacitly</span> <span class='ocrx_word' id='word_1_151' title='bbox 402 3874 436 3937; x_wconf 87' lang='lat' dir='ltr'>by</span> <span class='ocrx_word' id='word_1_152' title='bbox 450 3873 543 3922; x_wconf 85' lang='lat' dir='ltr'>Lamb.</span> <span class='ocrx_word' id='word_1_153' title='bbox 560 3872 600 3922; x_wconf 88' lang='lat' dir='ltr'>ed.</span> <span class='ocrx_word' id='word_1_154' title='bbox 618 3874 643 3934; x_wconf 83' lang='lat'>3,</span> <span class='ocrx_word' id='word_1_155' title='bbox 661 3873 710 3922; x_wconf 87' lang='lat' dir='ltr'>has</span> <span class='ocrx_word' id='word_1_156' title='bbox 727 3875 796 3920; x_wconf 87' lang='lat' dir='ltr'>most</span> <span class='ocrx_word' id='word_1_157' title='bbox 812 3871 931 3934; x_wconf 83' lang='lat' dir='ltr'>properly</span> <span class='ocrx_word' id='word_1_158' title='bbox 947 3869 1073 3920; x_wconf 84' lang='lat' dir='ltr'>retained.</span> <span class='ocrx_word' id='word_1_159' title='bbox 1105 3873 1191 3920; x_wconf 75' lang='lat' dir='ltr'>cidere</span> <span class='ocrx_word' id='word_1_160' title='bbox 1208 3879 1245 3920; x_wconf 81' lang='lat' dir='ltr'>est</span> <span class='ocrx_word' id='word_1_161' title='bbox 1260 3885 1314 3921; x_wconf 88' lang='lat' dir='ltr'>was</span> <span class='ocrx_word' id='word_1_162' title='bbox 1329 3871 1375 3921; x_wconf 90' lang='lat' dir='ltr'>the</span> 
     </span>
     <span class='ocr_line' id='line_1_25' title="bbox 163 3951 1374 4018; baseline -0.005 -10"><span class='ocrx_word' id='word_1_163' title='bbox 163 3972 284 4009; x_wconf 91' lang='lat' dir='ltr'>common</span> <span class='ocrx_word' id='word_1_164' title='bbox 305 3955 419 4018; x_wconf 82' lang='lat' dir='ltr'>reading,</span> <span class='ocrx_word' id='word_1_165' title='bbox 443 3954 528 4005; x_wconf 86' lang='lat' dir='ltr'>which</span> <span class='ocrx_word' id='word_1_166' title='bbox 550 3954 630 4003; x_wconf 86' lang='lat' dir='ltr'>Lach.</span> <span class='ocrx_word' id='word_1_167' title='bbox 653 3953 736 4004; x_wconf 85' lang='lat' dir='ltr'>shows</span> <span class='ocrx_word' id='word_1_168' title='bbox 757 3954 833 4002; x_wconf 82' lang='lat' dir='ltr'>Lacr.</span> <span class='ocrx_word' id='word_1_169' title='bbox 853 3952 929 4001; x_wconf 86' lang='lat' dir='ltr'>could</span> <span class='ocrx_word' id='word_1_170' title='bbox 950 3956 997 4000; x_wconf 92' lang='lat' dir='ltr'>not</span> <span class='ocrx_word' id='word_1_171' title='bbox 1018 3951 1085 4001; x_wconf 87' lang='lat' dir='ltr'>have</span> <span class='ocrx_word' id='word_1_172' title='bbox 1109 3952 1221 4002; x_wconf 87' lang='lat' dir='ltr'>written.</span> <span class='ocrx_word' id='word_1_173' title='bbox 1264 3953 1374 4002; x_wconf 75' lang='lat' dir='ltr'>‘videtis</span> 
     </span>
     <span class='ocr_line' id='line_1_26' title="bbox 164 4034 1372 4102; baseline -0.006 -12"><span class='ocrx_word' id='word_1_174' title='bbox 164 4040 282 4091; x_wconf 82' lang='lat' dir='ltr'>Marull&#39;</span> <span class='ocrx_word' id='word_1_175' title='bbox 299 4054 358 4102; x_wconf 84' lang='lat' dir='ltr'>says</span> <span class='ocrx_word' id='word_1_176' title='bbox 375 4037 443 4089; x_wconf 69' lang='lat' dir='ltr'>Gis:</span> <span class='ocrx_word' id='word_1_177' title='bbox 466 4037 519 4087; x_wconf 87' lang='lat' dir='ltr'>and</span> <span class='ocrx_word' id='word_1_178' title='bbox 535 4037 564 4085; x_wconf 93' lang='lat' dir='ltr'>in</span> <span class='ocrx_word' id='word_1_179' title='bbox 580 4035 637 4085; x_wconf 86' lang='lat' dir='ltr'>cod.</span> <span class='ocrx_word' id='word_1_180' title='bbox 654 4036 748 4085; x_wconf 90' lang='lat' dir='ltr'>Victor.</span> <span class='ocrx_word' id='word_1_181' title='bbox 769 4034 897 4083; x_wconf 81' lang='lat' dir='ltr'>Marullus</span> <span class='ocrx_word' id='word_1_182' title='bbox 913 4048 939 4096; x_wconf 90' lang='lat' dir='ltr'>p.</span> <span class='ocrx_word' id='word_1_183' title='bbox 956 4048 992 4082; x_wconf 88' lang='lat' dir='ltr'>m.</span> <span class='ocrx_word' id='word_1_184' title='bbox 1009 4035 1120 4094; x_wconf 56' lang='lat' dir='ltr'>videtin</span> <span class='ocrx_word' id='word_1_185' title='bbox 1141 4048 1162 4084; x_wconf 91' lang='lat' dir='ltr'>s.</span> <span class='ocrx_word' id='word_1_186' title='bbox 1179 4049 1215 4086; x_wconf 91' lang='lat' dir='ltr'>m.</span> <span class='ocrx_word' id='word_1_187' title='bbox 1229 4037 1315 4085; x_wconf 81' lang='lat' dir='ltr'>videre</span> <span class='ocrx_word' id='word_1_188' title='bbox 1326 4042 1372 4097; x_wconf 80' lang='lat' dir='ltr'>cst,</span> 
     </span>
     <span class='ocr_line' id='line_1_27' title="bbox 163 4113 1375 4176; baseline -0.006 -5"><span class='ocrx_word' id='word_1_189' title='bbox 163 4138 194 4171; x_wconf 90' lang='lat' dir='ltr'>as</span> <span class='ocrx_word' id='word_1_190' title='bbox 209 4122 295 4171; x_wconf 74' lang='lat' dir='ltr'>lunt:</span> <span class='ocrx_word' id='word_1_191' title='bbox 315 4122 408 4170; x_wconf 78' lang='lat' dir='ltr'>vidctis</span> <span class='ocrx_word' id='word_1_192' title='bbox 424 4118 482 4167; x_wconf 82' lang='lat' dir='ltr'>Ald.</span> <span class='ocrx_word' id='word_1_193' title='bbox 501 4119 524 4176; x_wconf 89' lang='lat'>1,</span> <span class='ocrx_word' id='word_1_194' title='bbox 541 4117 593 4167; x_wconf 86' lang='lat' dir='ltr'>and</span> <span class='ocrx_word' id='word_1_195' title='bbox 609 4116 663 4166; x_wconf 90' lang='lat' dir='ltr'>this</span> <span class='ocrx_word' id='word_1_196' title='bbox 680 4116 704 4165; x_wconf 88' lang='lat' dir='ltr'>is</span> <span class='ocrx_word' id='word_1_197' title='bbox 720 4115 869 4165; x_wconf 86' lang='lat' dir='ltr'>mentioned</span> <span class='ocrx_word' id='word_1_198' title='bbox 884 4129 914 4164; x_wconf 89' lang='lat' dir='ltr'>as</span> <span class='ocrx_word' id='word_1_199' title='bbox 929 4129 945 4163; x_wconf 90' lang='lat' dir='ltr'>a</span> <span class='ocrx_word' id='word_1_200' title='bbox 959 4128 1012 4166; x_wconf 84' lang='lat' dir='ltr'>var.</span> <span class='ocrx_word' id='word_1_201' title='bbox 1030 4113 1076 4164; x_wconf 91' lang='lat' dir='ltr'>leo.</span> <span class='ocrx_word' id='word_1_202' title='bbox 1094 4114 1326 4167; x_wconf 65' lang='lat' dir='ltr'>scandalunt:</span> <span class='ocrx_word' id='word_1_203' title='bbox 1345 4129 1375 4164; x_wconf 88' lang='lat' dir='ltr'>so</span> 
     </span>
     <span class='ocr_line' id='line_1_28' title="bbox 164 4196 1376 4262; baseline -0.007 -7"><span class='ocrx_word' id='word_1_204' title='bbox 164 4207 219 4255; x_wconf 86' lang='lat' dir='ltr'>also</span> <span class='ocrx_word' id='word_1_205' title='bbox 238 4203 330 4254; x_wconf 84' lang='lat' dir='ltr'>Lamb.</span> <span class='ocrx_word' id='word_1_206' title='bbox 349 4202 389 4252; x_wconf 90' lang='lat' dir='ltr'>ed.</span> <span class='ocrx_word' id='word_1_207' title='bbox 408 4203 430 4262; x_wconf 95' lang='lat'>1,</span> <span class='ocrx_word' id='word_1_208' title='bbox 452 4202 499 4251; x_wconf 86' lang='lat' dir='ltr'>but</span> <span class='ocrx_word' id='word_1_209' title='bbox 518 4203 604 4250; x_wconf 82' lang='lat' dir='ltr'>videre</span> <span class='ocrx_word' id='word_1_210' title='bbox 621 4208 658 4249; x_wconf 79' lang='lat' dir='ltr'>eat</span> <span class='ocrx_word' id='word_1_211' title='bbox 677 4199 716 4250; x_wconf 78' lang='lat' dir='ltr'>ed</span> <span class='ocrx_word' id='word_1_212' title='bbox 738 4201 762 4247; x_wconf 84' lang='lat'>2.</span> <span class='ocrx_word' id='word_1_213' title='bbox 868 4197 965 4248; x_wconf 86' lang='grc'>17-19</span> <span class='ocrx_word' id='word_1_214' title='bbox 982 4209 1045 4246; x_wconf 85' lang='lat' dir='ltr'>mss.</span> <span class='ocrx_word' id='word_1_215' title='bbox 1065 4210 1110 4247; x_wconf 85' lang='lat' dir='ltr'>are</span> <span class='ocrx_word' id='word_1_216' title='bbox 1129 4196 1202 4258; x_wconf 83' lang='lat' dir='ltr'>quite</span> <span class='ocrx_word' id='word_1_217' title='bbox 1218 4197 1305 4260; x_wconf 82' lang='lat' dir='ltr'>right:</span> <span class='ocrx_word' id='word_1_218' title='bbox 1332 4211 1376 4247; x_wconf 85' lang='lat' dir='ltr'>see</span> 
     </span>
     <span class='ocr_line' id='line_1_29' title="bbox 163 4275 1375 4346; baseline -0.006 -11"><span class='ocrx_word' id='word_1_219' title='bbox 163 4290 237 4335; x_wconf 89' lang='lat' dir='ltr'>notes</span> <span class='ocrx_word' id='word_1_220' title='bbox 254 4288 284 4334; x_wconf 82' lang='lat'>2:</span> <span class='ocrx_word' id='word_1_221' title='bbox 309 4287 339 4335; x_wconf 85' lang='grc'>17</span> <span class='ocrx_word' id='word_1_222' title='bbox 356 4286 439 4346; x_wconf 82' lang='lat' dir='ltr'>utqui.</span> <span class='ocrx_word' id='word_1_223' title='bbox 473 4289 501 4331; x_wconf 81' lang='lat' dir='ltr'>ui</span> <span class='ocrx_word' id='word_1_224' title='bbox 518 4285 560 4330; x_wconf 82' lang='lat' dir='ltr'>rui</span> <span class='ocrx_word' id='word_1_225' title='bbox 578 4283 674 4331; x_wconf 78' lang='lat' dir='ltr'>Arane.</span> <span class='ocrx_word' id='word_1_226' title='bbox 691 4279 770 4329; x_wconf 85' lang='lat' dir='ltr'>Lach.</span> <span class='ocrx_word' id='word_1_227' title='bbox 804 4285 834 4327; x_wconf 67' lang='lat' dir='ltr'>u*</span> <span class='ocrx_word' id='word_1_228' title='bbox 852 4279 913 4312; x_wconf 52' lang='grc' dir='ltr'>*Α</span> <span class='ocrx_word' id='word_1_229' title='bbox 930 4275 984 4320; x_wconf 66' lang='lat' dir='ltr'>stis·</span> <span class='ocrx_word' id='word_1_230' title='bbox 1124 4279 1156 4325; x_wconf 80' lang='lat'>18</span> <span class='ocrx_word' id='word_1_231' title='bbox 1175 4285 1264 4327; x_wconf 78' lang='lat' dir='ltr'>mente.</span> <span class='ocrx_word' id='word_1_232' title='bbox 1288 4278 1375 4328; x_wconf 73' lang='lat' dir='ltr'>nicati’</span> 
     </span>
    </p>
   </div>
   <div class='ocr_carea' id='block_1_6' title="bbox 0 0 1429 4860">
    <p class='ocr_par' dir='ltr' id='par_1_6' title="bbox 0 0 1429 4860">
     <span class='ocr_line' id='line_1_30' title="bbox 0 0 1429 4860; baseline 0 0"><span class='ocrx_word' id='word_1_233' title='bbox 0 0 1429 4860; x_wconf 95' lang='lat' dir='ltr'> </span> 
     </span>
    </p>
   </div>
  </div>
 </body>
</html>
