2842 4860
163 279 221 344 132
733 256 789 321 ΙΙΙ

246 428 377 484 naturas
399 418 569 483 hominum
592 418 697 484 varias
719 440 888 504 moresque
911 418 1078 503 sequacis3

245 545 383 608 quorum
405 544 465 608 ego
487 544 574 587 nunc
596 543 722 606 nequeo
744 545 854 587 caecas
875 545 1034 608 exponere
1057 543 1169 586 causas

245 648 305 690 nec
326 625 467 710 reperire
488 625 666 710 figurarum
687 631 738 688 tot
760 624 893 688 nomina
914 632 993 709 quot
1015 632 1092 688 sunt

244 729 419 814 principiis,
443 729 530 792 unde
552 729 632 792 haec
656 727 758 792 oritur
780 727 940 791 variantia
962 750 1077 792 rerum.

244 832 325 897 illud
348 833 382 895 in
406 832 455 895 his
477 833 573 896 rebus
596 832 706 896 videor
728 832 856 896 firmare
878 841 1013 916 potesse,

244 958 346 1020 usque
369 935 449 999 adeo
471 943 662 998 naturarum
684 935 823 1020 vestigia
845 934 949 1019 linqui

244 1039 374 1124 parvola
395 1060 478 1123 quae
500 1047 640 1123 nequeat
662 1038 746 1101 ratio
769 1037 929 1122 depellere
953 1037 1054 1114 nobis,

245 1154 283 1209 ut
304 1145 351 1208 nil
373 1144 519 1228 inpediat
542 1144 673 1229 dignam
696 1143 745 1207 dis
768 1143 884 1229 degere
906 1143 1015 1207 vitam.

288 1249 379 1312 Haeo
400 1247 501 1332 igitur
523 1255 640 1310 natura
662 1254 793 1309 tenetur
814 1247 1007 1330 corpore'ab
1030 1245 1118 1309 omni

244 1353 378 1438 ipsaque
400 1351 539 1436 corporis
562 1359 611 1416 est
633 1360 741 1415 custos
764 1358 798 1414 et
820 1372 917 1414 causa
939 1351 1070 1429 salutis;

243 1480 319 1521 nam
341 1454 566 1519 communibus
588 1454 674 1518 inter
696 1476 729 1518 se
751 1454 913 1518 radicibus
935 1455 1071 1518 haerent

243 1582 302 1625 nec
324 1560 393 1624 sine
414 1558 556 1643 pernicie
579 1557 691 1621 divelli
713 1579 804 1641 posse
826 1557 986 1622 videntur.

243 1663 328 1749 quod
351 1684 453 1746 genus
476 1683 494 1724 e
516 1661 622 1724 thuris
644 1660 767 1744 glaebis
790 1660 928 1724 evellere
952 1658 1081 1724 odorem

242 1767 329 1832 haud
352 1764 446 1830 facile
468 1772 518 1829 est
540 1765 619 1849 quin
642 1765 780 1828 intereat
802 1772 920 1828 natura
942 1786 1071 1850 quoque
1095 1763 1173 1828 eius.

243 1873 288 1936 sic
310 1869 412 1934 animi
434 1875 532 1952 atque
555 1867 683 1930 animae
706 1875 856 1930 naturam
878 1889 1006 1951 corpore
1029 1874 1098 1930 toto

243 1975 411 2040 extrahere
434 1971 515 2034 haut
538 1970 631 2034 facile
654 1979 704 2034 est
725 1969 806 2055 quin
829 1971 938 2034 omnia
960 1971 1185 2035 dissoluantur.

143 2099 145 2103 ·
243 2076 382 2162 inplexis
405 2076 452 2138 ita
473 2074 639 2159 principiis
661 2074 702 2138 ab
725 2074 848 2158 origine
870 2074 975 2159 prima

242 2183 328 2246 inter
351 2202 384 2243 se
407 2179 492 2243 fiunt
514 2178 653 2242 consorti
674 2177 821 2262 praedita
843 2177 919 2254 vita,

243 2307 302 2350 nec
324 2283 385 2348 sibi
409 2305 556 2369 quaeque
579 2283 648 2347 sine
670 2283 803 2346 alterius
825 2283 859 2346 vi
880 2305 971 2367 posse
994 2282 1124 2347 videtur

243 2387 382 2472 corporis
404 2394 502 2470 atque
525 2384 627 2448 animi
649 2407 792 2449 seorsum
815 2386 935 2450 sentire
958 2394 1108 2471 potestne,

242 2489 298 2553 sed
320 2487 546 2551 communibus
568 2487 654 2551 inter
676 2509 729 2550 eas
751 2487 909 2552 conflatur
930 2489 1096 2575 utrimque

243 2594 385 2658 motibus
407 2615 558 2657 accensus
580 2593 672 2656 nobis
694 2593 893 2677 perviscera
916 2616 1039 2658 sensus.

242 2703 410 2781 praeterea
432 2717 547 2780 corpus
568 2716 627 2779 per
649 2717 682 2758 se
704 2716 764 2758 nec
786 2695 933 2781 gignitur
955 2718 1110 2782 umquam

242 2823 302 2865 nec
325 2799 439 2864 crescit
461 2821 566 2883 neque
589 2805 662 2882 post
684 2810 822 2861 mortem
845 2799 960 2863 durare
982 2800 1119 2865 videtur.

243 2926 308 2967 non
331 2903 426 2977 enim,
450 2909 489 2966 ut
512 2923 604 2964 umor
625 2923 729 2985 aquae
752 2901 891 2966 dimittit
913 2924 1008 2987 saepe
1030 2926 1182 2989 vaporem

243 3007 300 3092 qui
323 3006 417 3069 datus
441 3012 499 3083 est,
523 3026 628 3089 neque
651 3026 689 3068 ea
711 3027 808 3068 causa
830 3006 1023 3070 convellitur
1044 3007 1123 3091 ipse,

244 3110 299 3174 sed
323 3118 434 3173 manet
456 3107 635 3184 incolumis,
658 3129 733 3184 non,
755 3108 897 3192 inquam,
922 3109 966 3173 sic
988 3111 1109 3174 animai

244 3214 415 3278 discidium
438 3219 573 3297 possunt
595 3219 685 3274 artus
707 3212 847 3296 perferre
869 3212 983 3293 relicti,

244 3319 301 3384 sed
322 3319 454 3404 penitus
475 3325 614 3402 pereunt
636 3316 780 3380 convulsi
803 3337 927 3400 conque
949 3324 1146 3401 putrescunt.

244 3446 285 3488 ex
307 3422 441 3485 ineunte
464 3442 543 3484 aevo
565 3420 610 3483 sic
633 3418 772 3503 corporis
793 3427 892 3503 atque
914 3419 1036 3484 animai

245 3535 361 3589 mutua
383 3523 491 3588 vitalis
513 3523 642 3586 discunt
664 3521 813 3606 contagia
835 3530 940 3586 motus

244 3629 399 3694 maternis
422 3629 521 3692 etiam
544 3627 699 3691 membris
722 3626 859 3711 alvoque
881 3634 1018 3711 reposta,

244 3732 415 3796 discidium
436 3740 472 3796 ut
493 3738 635 3816 nequeat
658 3730 728 3794 fieri
750 3729 820 3793 sine
843 3738 934 3815 peste
957 3730 1106 3815 maloque
1118 3755 1126 3812 ;

158 3886 211 3943 AB,
222 3883 307 3933 which
321 3883 397 3933 Lucr.
412 3898 472 3946 may
482 3881 549 3931 have
563 3881 680 3947 written:
698 3896 727 3931 so
743 3883 808 3943 quod
822 3884 861 3930 vis
878 3881 922 3929 AB
938 3881 967 3929 in
984 3882 1058 3932 1090:
1076 3883 1209 3944 Augustus
1223 3884 1252 3932 in
1265 3884 1308 3936 his
1325 3903 1368 3938 res

158 3971 243 4030 gestae
254 3966 340 4014 writes
351 3966 465 4026 aliqa0d3
484 3978 514 4013 as
530 3963 590 4012 does
604 3964 626 4010 B
638 3964 666 4010 in
678 3979 705 4012 v1
717 3964 777 4014 317:
795 3964 878 4025 capud
888 3963 911 4011 A
923 3978 952 4012 or
963 3964 985 4011 B
997 3963 1150 4026 repeatedly.
1219 3968 1267 4017 319
1279 3970 1369 4020 videor

158 4049 240 4098 Faber
249 4048 375 4097 torvideo.
407 4048 512 4109 firmare
522 4046 580 4095 Ver.
589 4046 654 4094 Ven.
664 4046 704 4094 for
710 4049 832 4110 sonuere.
899 4047 946 4094 321
955 4049 1025 4095 nobis
1036 4046 1115 4097 Lech.
1129 4047 1168 4096 for
1176 4051 1264 4098 noctis.
1288 4052 1367 4101 dictis

159 4132 224 4181 Mar.
234 4129 292 4179 Ald.
301 4130 315 4177 1
325 4130 341 4178 J
342 4133 399 4180 unt.
409 4128 502 4179 Lamb.
513 4128 551 4179 ed.
565 4130 579 4177 1
588 4128 641 4177 and
651 4131 674 4179 2.
706 4131 785 4178 doctis
793 4128 886 4178 Lamb.
896 4126 936 4176 ed.
946 4130 970 4176 3.
1036 4131 1085 4178 332
1090 4131 1160 4192 fiunt
1169 4134 1368 4183 camerti...vita

159 4215 224 4264 Mar.
233 4214 306 4262 Junt.
319 4212 359 4260 for
370 4213 477 4261 consorti
482 4214 665 4275 fiant...oitae.
721 4212 769 4260 333
781 4209 881 4272 though
892 4210 984 4267 sound,
992 4209 1015 4259 is
1023 4210 1102 4259 much
1113 4212 1249 4275 corrupted
1257 4213 1291 4275 by
1299 4215 1367 4265 Mar.

158 4297 232 4347 Junt.
248 4294 340 4345 Lamb.
352 4293 421 4356 vulg.
519 4294 567 4342 335
584 4308 626 4341 eas
639 4291 720 4341 Lach.
737 4292 777 4341 for
792 4307 843 4349 eoc;
861 4305 891 4341 as
906 4305 945 4340 eos
962 4290 985 4339 is
1001 4294 1122 4354 contrary
1138 4296 1166 4341 to
1184 4294 1227 4342 the
1244 4309 1322 4356 usage
1340 4298 1370 4346 of

158 4379 235 4427 Lucr.
335 4375 382 4424 346
400 4380 498 4437 reposta
514 4374 609 4423 Avano.
624 4374 664 4423 for
678 4381 784 4435 reposto.
818 4375 910 4435 reposti
926 4373 991 4421 Mar.
1006 4373 1079 4420 Junt.
1095 4373 1205 4423 without
1220 4390 1300 4434 sense,
1317 4383 1368 4426 not
