2842 4860
741 241 792 304 IV

248 406 305 472 sed
326 405 418 492 quasi
440 405 658 469 adumbratim
680 406 815 490 paulum
837 406 990 472 simulata
1011 408 1177 475 videntum

248 510 364 597 umbre
387 509 515 574 videtur
535 509 616 574 item
638 509 730 573 nobis
752 509 786 572 in
809 511 874 576 sole
896 501 1018 577 moveri
1067 503 1068 506 ¹

250 624 284 679 et
306 612 446 699 vestigia
465 621 575 677 nostra
596 613 688 698 sequi
708 622 901 701 gestumque
924 617 1066 699 imitari;

156 719 159 727 ’
250 741 325 783 uera
346 717 374 781 si
395 716 498 781 credis
519 716 684 802 privatum
706 718 829 782 lumine
851 742 943 805 posse

249 822 430 910 indugredi,
452 831 560 886 motus
581 821 749 885 hominum
772 832 965 909 gestumque
988 834 1197 910 sequentem3

249 951 325 992 nam
347 926 394 990 nil
416 949 484 991 esse
506 934 614 1011 potest
636 925 719 989 aliut
740 927 803 990 nisi
825 927 947 994 lumine
970 951 1077 994 cassus

249 1054 304 1096 aer
324 1030 359 1094 id
381 1029 468 1114 quod
488 1024 545 1092 nos
568 1029 714 1092 umbram
737 1029 906 1114 perhibere
928 1038 1067 1098 suemus.

249 1134 402 1198 nimirum
425 1131 502 1217 quia
523 1141 610 1195 terra
632 1131 708 1195 locis
730 1154 770 1196 ex
792 1133 903 1198 ordine
925 1135 1021 1199 certis

249 1235 371 1301 lumine
393 1233 540 1319 privatur
561 1232 635 1296 solis
656 1256 859 1320 quarumque
881 1245 1027 1301 meantes

249 1339 415 1412 officimus,
436 1336 581 1420 repletur
601 1335 682 1400 item
705 1337 791 1422 quod
813 1337 966 1423 liquimus
988 1341 1067 1418 11111,

249 1452 420 1531 propterea
440 1442 479 1505 fit
500 1440 552 1504 uti
574 1440 731 1518 videatur,
753 1464 835 1526 quae
858 1442 922 1507 fuit
942 1444 1059 1522 umbra

250 1545 396 1632 eorporis,
418 1567 436 1608 e
458 1543 588 1630 regione
611 1544 724 1608 eadem
746 1567 804 1608 nos
825 1550 926 1630 'usque
949 1556 1067 1612 secute

250 1671 377 1735 semper
397 1647 485 1712 enim
506 1668 590 1710 nova
611 1669 645 1711 se
667 1647 829 1711 mdiorum
851 1648 975 1713 lumina
996 1650 1138 1714 fundunt

249 1754 416 1840 primaque
439 1749 637 1835 dispereunt,
658 1751 751 1836 quasi
772 1751 807 1814 in
828 1752 937 1839 ignem
960 1754 1035 1818 lane
1056 1756 1213 1819 trahatur.

249 1865 419 1943 propterea
441 1853 533 1917 facile
556 1861 590 1917 et
612 1853 769 1938 spoliatur
790 1855 913 1920 lumine
935 1864 1022 1922 11111

249 1970 284 2025 11
305 1959 449 2044 repletur
470 1957 551 2022 item
567 1957 744 2044 ,nigrasque
767 1957 829 2022 sibi
850 1958 955 2023 abluit
977 1961 1115 2027 umbras.

293 2064 364 2127 Neo
386 2070 497 2125 tomen
518 2060 571 2123 hio
594 2060 700 2124 oculos
722 2060 791 2124 falli
813 2062 1016 2127 consedimus
1038 2064 1151 2130 hilum.

248 2190 324 2232 111111
347 2186 547 2251 quocumque
570 2164 638 2227 loco
660 2163 703 2228 sit
725 2164 781 2227 lux
803 2173 901 2250 atque
924 2166 1039 2230 umbra
1060 2168 1145 2232 tueri

153 2284 156 2304 ³
210 2323 213 2330 .
248 2273 376 2336 illorum
399 2276 467 2347 est;
496 2265 609 2332 eadem
631 2291 707 2332 vero
729 2269 795 2333 sint
816 2269 940 2334 lumina
961 2295 1073 2349 neone,

248 2375 426 2458 umbraque
449 2394 531 2458 quae
553 2372 617 2436 fuit
638 2371 692 2436 hio
713 2373 827 2437 eadem
849 2397 935 2438 nuno
957 2383 1101 2440 transeat
1123 2375 1208 2454 illuo,

247 2503 290 2543 an
312 2477 420 2564 potius
441 2475 500 2539 fiat
521 2475 618 2560 paulo
640 2476 726 2560 quod
748 2476 889 2541 diximus
910 2486 996 2556 ente,

247 2585 308 2648 hoo
330 2579 431 2645 enimi
453 2579 584 2643 demum
606 2578 690 2642 ratio
711 2578 890 2645 discernere
914 2581 1020 2660 debet,

248 2708 308 2750 neo
328 2689 463 2770 possunt
485 2680 569 2745 oculi
591 2690 740 2744 naturam
763 2704 891 2748 noscere
914 2706 1030 2750 rerum.

248 2786 381 2874 proinde
404 2783 505 2847 enimi
526 2783 643 2847 vitium
666 2783 726 2847 hoc
748 2784 847 2848 oculis
869 2785 1032 2873 adfingere
1054 2786 1129 2853 noli.

248 2912 314 2976 que
334 2887 484 2952 vehimur
504 2885 588 2962 navi,
610 2887 720 2962 fertur,
743 2909 816 2950 oum
839 2896 924 2952 11111
947 2889 1094 2970 videtur;

249 3018 331 3083 quae
353 3001 465 3057 manet
486 2991 521 3055 in
543 2992 691 3069 statione,
713 3015 752 3057 ea
773 3003 902 3078 praeter
923 2996 1066 3060 creditur
1086 2997 1142 3063 ire.

248 3109 282 3164 et
304 3101 415 3185 fugere
437 3096 480 3160 ad
501 3095 637 3181 puppim
660 3096 756 3160 colles
778 3097 947 3183 campique
969 3099 1123 3164 videntur

188 3280 189 3284 Ἰ
248 3226 328 3290 quos
349 3201 480 3288 agimus
497 3208 625 3285 praeter
647 3222 763 3265 navem
785 3201 928 3287 velisque
950 3203 1103 3268 volemus.

248 3307 353 3371 sidera
374 3327 495 3369 cessare
517 3303 670 3367 aetheriis
692 3304 798 3368 adfixa
820 3305 963 3369 oevemis

247 3417 364 3474 cuncta
385 3407 545 3482 videntur,
566 3414 601 3471 et
622 3406 756 3471 adsiduo
778 3417 855 3472 sunt
877 3408 985 3473 omnia
1006 3419 1107 3487 motu,

247 3511 507 3600 quandoquidem
530 3510 639 3597 longos
661 3510 769 3574 obitus
791 3520 902 3576 exorta
923 3513 1077 3592 revisunt,

247 3641 321 3684 oum
344 3637 513 3702 permensa
534 3636 592 3686 suo
613 3620 690 3676 sunt
712 3613 836 3685 caelum
859 3638 988 3701 corpore
1010 3617 1102 3682 clero.

156 3758 158 3764 ·
246 3723 356 3808 solque
378 3719 449 3806 pari
469 3719 593 3782 ratione
616 3741 745 3783 manere
768 3728 802 3783 et
824 3720 902 3783 luna
923 3720 1075 3786 videntur

205 3841 208 3848 '
246 3826 282 3890 in
304 3824 453 3900 statione,
474 3845 618 3907 eaquae
640 3821 715 3885 ferri
736 3840 787 3885 res
808 3821 930 3887 indicat
952 3823 1030 3909 ipsa.
1107 3840 1127 3896 s

159 4007 162 4013 .
247 3927 468 4013 exstantisque
491 3927 601 4013 procul
623 3922 730 3990 medio
752 3927 792 3991 de
814 3927 943 4014 gurgite
966 3928 1085 4010 montis

155 4087 157 4093 .
246 4032 400 4098 classibus
420 4031 508 4096 inter
529 4053 608 4116 quos
630 4031 713 4095 liber
733 4040 826 4117 petet
849 4032 956 4098 exitus
977 4033 1101 4121 ingens,

156 4240 268 4292 ¹toruum,
283 4229 407 4280 aviolent
417 4228 525 4291 change.
662 4231 710 4281 378
722 4231 803 4278 abluit
815 4229 874 4280 Ver.
886 4229 950 4279 Ven.
963 4230 1028 4283 Mar.
1043 4231 1082 4280 lor
1093 4232 1186 4284 adluit.
1276 4248 1280 4254 ·
1323 4237 1371 4287 395

160 4315 281 4362 videntur
296 4311 375 4362 Lam.
395 4311 436 4360 for
452 4312 561 4368 videtur,
579 4325 607 4359 os
624 4311 691 4372 plur.
708 4325 738 4360 ea
751 4311 859 4360 follows.
893 4310 925 4359 In
942 4313 1019 4360 small
1030 4310 1069 4363 ed.
1083 4311 1221 4376 Ithought
1233 4313 1294 4365 that
1305 4317 1373 4367 after

160 4395 208 4445 397
226 4408 241 4442 a
258 4405 329 4441 111111
346 4405 398 4440 was
414 4391 465 4439 lost
482 4391 511 4439 ol
525 4390 580 4439 this
592 4393 692 4448 nature,
710 4392 811 4440 Fallere
826 4406 899 4454 saepe
914 4394 1027 4442 1111111111
1037 4395 1116 4443 simili
1128 4396 1227 4445 ratione
1238 4398 1371 4460 videmur3
