2842 4860
635 245 672 308 II

141 407 279 493 denique
301 429 360 471 nos
381 406 443 492 ipsi
465 407 567 471 caecis
589 427 812 492 quaecumque
835 407 978 472 tenebris

139 509 313 594 tangimus,
334 508 421 572 haud
444 508 512 572 ullo
534 507 694 572 sentimus
716 508 820 573 tincta
842 508 954 576 colore.
1029 595 1033 603 Ι

139 613 401 700 quodquoniam
423 613 516 677 vinco
538 612 616 688 fieri,
640 634 726 676 nunc
749 634 818 676 esse
841 612 960 677 docebo

139 821 243 886 omnis
265 822 352 885 enirn
374 822 459 886 color
481 821 612 886 omnino
636 829 782 886 mutatur
804 821 839 885 in
861 823 984 902 omnis;

138 923 225 1009 quod
247 925 350 988 facere
373 923 461 988 haud
482 923 549 987 ullo
571 923 693 988 debent
714 923 890 1009 primordia
912 932 1006 1010 pacto
1018 949 1027 1004 ;

139 1028 343 1093 immutabile
366 1028 453 1093 enim
475 1028 632 1114 quiddam
654 1051 805 1114 superare
828 1037 999 1110 necessest,

140 1154 181 1195 ne
204 1155 254 1196 res
276 1132 317 1196 ad
340 1133 444 1196 nilum
467 1133 657 1218 redigantur
678 1133 827 1198 funditus
849 1156 972 1199 omnes.

140 1260 217 1300 nam
239 1237 465 1322 quodcumque
488 1237 555 1301 suis
578 1245 744 1301 mutatum
766 1237 886 1302 finibus
909 1238 985 1314 exit,

140 1341 292 1406 continuo
315 1342 375 1405 hoc
397 1363 482 1405 mors
506 1342 557 1406 est'
577 1341 665 1404 illius
687 1341 774 1426 quod
795 1343 859 1406 fuit
881 1351 967 1408 ante.

139 1445 274 1531 proinde
296 1447 398 1511 colore
421 1468 498 1510 cave
520 1446 688 1530 contingas
711 1447 836 1510 semina
861 1470 978 1524 rerum,

141 1571 181 1613 ne
203 1549 266 1613 tibi
289 1571 339 1614 res
361 1549 495 1614 redeant
517 1550 559 1613 ad
581 1549 685 1613 nilum
707 1550 856 1614 funditus
878 1573 997 1616 omnes

183 1651 355 1716 Praeterea
376 1652 405 1716 si
427 1652 517 1716 nulla
539 1653 651 1716 coloris
672 1652 840 1738 principiis
863 1662 913 1717 est

139 1754 267 1819 reddita
288 1763 406 1820 natura
428 1764 462 1820 et
483 1756 580 1820 variis
604 1764 681 1820 sunt
702 1756 849 1840 praedita
870 1757 990 1834 formis,

140 1878 157 1920 e
180 1857 298 1941 quibus
321 1879 416 1922 omne
436 1880 539 1943 genus
561 1858 701 1942 gignunt
723 1858 913 1944 variantque
936 1860 1056 1924 colores

139 1971 318 2048 propterea,
342 1963 452 2049 magni
474 1963 561 2048 quod
582 1963 680 2027 refert
701 1963 827 2027 semina
848 1985 997 2049 quaeque

140 2088 214 2129 oum
237 2066 356 2151 quibus
378 2075 412 2132 et
434 2067 524 2153 quali
544 2067 691 2151 positura
712 2068 940 2132 contineantur

140 2177 174 2233 et
196 2191 275 2253 quos
297 2169 383 2234 inter
404 2191 438 2233 se
461 2169 544 2244 dent¹
563 2179 670 2235 motus
692 2171 926 2257 accipiantque,

140 2272 290 2357 perfacile
314 2272 476 2358 extemplo
498 2272 659 2337 rationem
682 2274 814 2339 reddere
837 2276 939 2360 possis

140 2398 197 2438 cur
218 2397 257 2440 ea
278 2397 362 2461 quae
384 2375 476 2460 nigro
499 2376 620 2440 fuerint
641 2378 739 2461 paulo
761 2385 838 2442 ante
860 2378 974 2457 colore,

140 2500 318 2542 marmoreo
339 2477 410 2541 fieri
432 2479 556 2565 possint
578 2478 714 2543 candore
736 2490 870 2565 repente
882 2505 890 2560 ;

140 2592 178 2646 ut
199 2604 297 2660 mare,
320 2604 393 2646 cum
416 2583 526 2666 magni
548 2591 751 2647 commorunt
772 2604 911 2669 aequora
932 2585 1030 2664 venti,

138 2686 277 2750 vertitur
298 2687 333 2749 in
355 2708 449 2750 canos
471 2685 623 2750 candenti
644 2708 804 2751 marmore
826 2687 963 2767 fluctus;

139 2792 244 2856 dicere
267 2791 353 2856 enirn
375 2790 486 2876 possis,
507 2792 637 2876 nigrum
659 2791 744 2876 quod
768 2814 863 2877 saepe
885 2792 1041 2872 videmus,

139 2895 289 2959 materies
312 2895 369 2959 ubi
390 2895 554 2979 permixta
575 2903 625 2959 est
646 2895 736 2960 illius
758 2903 791 2959 et
814 2895 890 2960 ordo

138 2998 303 3082 principiis
325 3006 472 3063 mutatus
494 3005 529 3062 et
551 2997 663 3063 addita
684 2999 880 3084 demptaque
903 2999 1072 3084 quaedam,

138 3103 291 3165 continuo
314 3100 346 3164 id
369 3101 439 3165 fieri
461 3109 500 3164 ut
521 3101 662 3165 candens
683 3100 833 3166 videatur
855 3110 888 3166 et
910 3103 1030 3168 album.

139 3204 224 3290 quod
251 3205 278 3268 si
303 3206 458 3269 caeruleis
484 3213 669 3270 constarent
696 3228 834 3291 aequora
858 3207 951 3292 ponti

139 3309 324 3386 seminibus,
348 3310 437 3374 nullo
462 3317 594 3394 possent
617 3310 778 3374 albescere
802 3318 911 3394 pacto;

138 3434 215 3475 narn
238 3434 441 3498 quocumque
466 3411 562 3476 modo
585 3412 756 3496 perturbes
780 3413 909 3476 caerula
936 3435 1020 3498 quae
1046 3413 1122 3491 sint,

138 3502 317 3602 numquam
339 3517 373 3579 in
399 3539 613 3581 marmoreum
635 3525 773 3602 possunt
794 3517 934 3602 migrare
958 3518 1104 3583 colorem.
1192 3534 1254 3603 775

139 3620 189 3683 sin
215 3619 278 3683 alio
304 3627 402 3704 atque
428 3619 492 3682 alio
518 3626 596 3683 sunt
622 3619 747 3683 semina
772 3620 875 3684 tincta
900 3621 1003 3684 colore

140 3745 221 3809 quae
247 3722 344 3785 maris
368 3722 512 3786 efficiunt
536 3744 639 3785 unum
661 3744 845 3808 purumque
871 3722 1018 3800 nitorem,

137 3838 177 3893 ut
198 3849 293 3912 saepe
316 3849 355 3890 ex
378 3827 449 3891 aliis
470 3827 581 3891 formis
603 3828 765 3913 variisque
788 3827 900 3912 figuris

47 3976 102 4027 ond
113 3974 194 4024 Lech.
206 3975 278 4037 place
289 3974 355 4023 efter
367 3975 426 4026 748:
443 3973 490 4023 but
501 3989 543 4024 see
554 3977 629 4024 notes
640 3976 664 4024 2.
729 3976 776 4026 748
788 3989 804 4024 a
814 3989 839 4023 v.
851 3974 874 4023 is
884 3975 936 4024 lost
946 3973 1015 4025 bere.
1084 3975 1132 4026 749
1143 3977 1172 4024 in
1178 3978 1256 4024 omnis

48 4059 119 4107 Flor.
137 4058 169 4106 31
186 4056 277 4106 (lamb.
291 4056 402 4118 Nauger.
418 4055 495 4105 foret
510 4058 595 4106 omnis.
631 4059 660 4104 in
671 4059 756 4105 omnia
770 4057 844 4105 Junt.
861 4055 927 4106 after
941 4056 1080 4105 Marullus:
1098 4071 1140 4105 see
1155 4059 1255 4106 notato

50 4142 107 4192 719.
232 4140 280 4190 759
291 4154 360 4188 omne
376 4154 453 4200 penus
464 4139 543 4189 Lech.
556 4139 597 4187 for
609 4141 761 4201 omniparens.
795 4142 936 4202 omrripenos
947 4139 970 4187 A
981 4154 1046 4189 corr.
1059 4139 1129 4188 Nice.
1140 4139 1208 4189 Flor.
1224 4140 1255 4188 31

49 4222 140 4272 Cemb.
154 4221 223 4282 vulg.
312 4223 370 4272 760
381 4223 517 4284 Propterea
528 4223 598 4273 Nico.
613 4237 677 4272 corr.
689 4223 759 4273 Flor.
774 4224 805 4271 31
818 4222 907 4272 (lamb.
918 4223 982 4272 Mar.
996 4224 1068 4272 Junt.
1083 4221 1175 4270 Lamb.
1188 4219 1228 4270 ed.
1241 4221 1255 4268 l

49 4305 89 4353 for
99 4303 238 4352 Praetereo
248 4300 332 4351 which
344 4301 418 4351 Wak.
433 4301 492 4363 end,
507 4305 611 4365 strange
622 4305 649 4351 to
661 4317 715 4366 say,
727 4302 819 4351 Lamb.
832 4302 871 4354 ed.
886 4304 901 4350 2
913 4302 966 4353 and
977 4305 992 4352 3
1004 4301 1095 4354 retain.

82 4388 130 4439 763
143 4387 260 4448 extemplo
272 4385 342 4434 Brix.
354 4385 445 4435 Lcmb.
460 4386 500 4435 for
512 4389 629 4449 exemplo.
728 4386 776 4435 765
784 4387 882 4455 possint
893 4385 984 4435 Lamb.
996 4385 1037 4434 for
1043 4391 1155 4448 possunt.
