<?xml version="1.0" encoding="UTF-8"?>
<!DOCTYPE html PUBLIC "-//W3C//DTD XHTML 1.0 Transitional//EN"
    "http://www.w3.org/TR/xhtml1/DTD/xhtml1-transitional.dtd">
<html xmlns="http://www.w3.org/1999/xhtml" xml:lang="en" lang="en">
 <head>
  <title>
</title>
<meta http-equiv="Content-Type" content="text/html;charset=utf-8" />
  <meta name='ocr-system' content='tesseract 3.04.00' />
  <meta name='ocr-capabilities' content='ocr_page ocr_carea ocr_par ocr_line ocrx_word'/>
</head>
<body>
  <div class='ocr_page' id='page_1' title='image "./tlucreticarider01munrgoog_0237.png"; bbox 0 0 2842 4860; ppageno 0'>
   <div class='ocr_carea' id='block_1_1' title="bbox 692 241 724 306">
    <p class='ocr_par' dir='ltr' id='par_1_1' title="bbox 692 241 724 306">
     <span class='ocr_line' id='line_1_1' title="bbox 692 241 724 306; baseline 0 0"><span class='ocrx_word' id='word_1_1' title='bbox 692 241 724 306; x_wconf 89' lang='lat' dir='ltr'>V</span> 
     </span>
    </p>
   </div>
   <div class='ocr_carea' id='block_1_2' title="bbox 83 400 1313 2459">
    <p class='ocr_par' dir='ltr' id='par_1_2' title="bbox 83 400 1313 2459">
     <span class='ocr_line' id='line_1_2' title="bbox 154 400 1067 494; baseline 0 -27"><span class='ocrx_word' id='word_1_2' title='bbox 154 491 155 494; x_wconf 8' lang='grc' dir='ltr'><strong>Ἴ</strong></span> <span class='ocrx_word' id='word_1_3' title='bbox 188 426 294 468; x_wconf 91' lang='lat' dir='ltr'>nonne</span> <span class='ocrx_word' id='word_1_4' title='bbox 316 403 406 469; x_wconf 86' lang='lat' dir='ltr'>vides</span> <span class='ocrx_word' id='word_1_5' title='bbox 428 402 529 467; x_wconf 86' lang='lat' dir='ltr'>etiam</span> <span class='ocrx_word' id='word_1_6' title='bbox 552 424 649 488; x_wconf 88' lang='lat' dir='ltr'>quam</span> <span class='ocrx_word' id='word_1_7' title='bbox 672 423 790 487; x_wconf 82' lang='lat' dir='ltr'>magno</span> <span class='ocrx_word' id='word_1_8' title='bbox 811 400 952 486; x_wconf 89' lang='lat' dir='ltr'>pondere</span> <span class='ocrx_word' id='word_1_9' title='bbox 975 402 1067 467; x_wconf 90' lang='lat' dir='ltr'>nobis</span> 
     </span>
     <span class='ocr_line' id='line_1_3' title="bbox 188 506 909 593; baseline -0.004 -20"><span class='ocrx_word' id='word_1_10' title='bbox 188 509 347 573; x_wconf 88' lang='lat' dir='ltr'>sustineat</span> <span class='ocrx_word' id='word_1_11' title='bbox 369 530 483 593; x_wconf 89' lang='lat' dir='ltr'>corpus</span> <span class='ocrx_word' id='word_1_12' title='bbox 505 506 696 571; x_wconf 87' lang='lat' dir='ltr'>tenuissima</span> <span class='ocrx_word' id='word_1_13' title='bbox 717 506 766 570; x_wconf 88' lang='lat' dir='ltr'>vis</span> <span class='ocrx_word' id='word_1_14' title='bbox 788 506 909 570; x_wconf 88' lang='lat' dir='ltr'>animai</span> 
     </span>
     <span class='ocr_line' id='line_1_4' title="bbox 187 609 1192 697; baseline 0.001 -23"><span class='ocrx_word' id='word_1_15' title='bbox 187 609 358 697; x_wconf 89' lang='lat' dir='ltr'>propterea</span> <span class='ocrx_word' id='word_1_16' title='bbox 380 611 457 696; x_wconf 87' lang='lat' dir='ltr'>quia</span> <span class='ocrx_word' id='word_1_17' title='bbox 478 618 547 674; x_wconf 90' lang='lat' dir='ltr'>tam</span> <span class='ocrx_word' id='word_1_18' title='bbox 570 609 741 673; x_wconf 91' lang='lat' dir='ltr'>coniuncta</span> <span class='ocrx_word' id='word_1_19' title='bbox 763 617 862 695; x_wconf 89' lang='lat' dir='ltr'>atque</span> <span class='ocrx_word' id='word_1_20' title='bbox 884 609 994 674; x_wconf 89' lang='lat' dir='ltr'>uniter</span> <span class='ocrx_word' id='word_1_21' title='bbox 1015 619 1094 695; x_wconf 85' lang='lat' dir='ltr'>apta</span> <span class='ocrx_word' id='word_1_22' title='bbox 1115 617 1192 676; x_wconf 75' lang='lat' dir='ltr'>esti</span> 
     </span>
     <span class='ocr_line' id='line_1_5' title="bbox 187 713 940 800; baseline -0.003 -21"><span class='ocrx_word' id='word_1_23' title='bbox 187 715 327 800; x_wconf 89' lang='lat' dir='ltr'>denique</span> <span class='ocrx_word' id='word_1_24' title='bbox 349 714 415 778; x_wconf 88' lang='lat' dir='ltr'>iam</span> <span class='ocrx_word' id='word_1_25' title='bbox 437 714 523 778; x_wconf 90' lang='lat' dir='ltr'>saltu</span> <span class='ocrx_word' id='word_1_26' title='bbox 545 713 668 798; x_wconf 85' lang='lat' dir='ltr'>pernici</span> <span class='ocrx_word' id='word_1_27' title='bbox 690 714 803 777; x_wconf 89' lang='lat' dir='ltr'>tollere</span> <span class='ocrx_word' id='word_1_28' title='bbox 825 736 940 798; x_wconf 89' lang='lat' dir='ltr'>corpus</span> 
     </span>
     <span class='ocr_line' id='line_1_6' title="bbox 188 817 1313 905; baseline 0.002 -22"><span class='ocrx_word' id='word_1_29' title='bbox 188 819 267 905; x_wconf 91' lang='lat' dir='ltr'>quid</span> <span class='ocrx_word' id='word_1_30' title='bbox 288 819 374 904; x_wconf 89' lang='lat' dir='ltr'>potis</span> <span class='ocrx_word' id='word_1_31' title='bbox 396 826 446 882; x_wconf 88' lang='lat' dir='ltr'>est</span> <span class='ocrx_word' id='word_1_32' title='bbox 467 817 530 881; x_wconf 93' lang='lat' dir='ltr'>nisi</span> <span class='ocrx_word' id='word_1_33' title='bbox 552 818 600 882; x_wconf 86' lang='lat' dir='ltr'>vis</span> <span class='ocrx_word' id='word_1_34' title='bbox 622 818 723 881; x_wconf 90' lang='lat' dir='ltr'>animi</span> <span class='ocrx_word' id='word_1_35' title='bbox 745 841 828 903; x_wconf 87' lang='lat' dir='ltr'>quae</span> <span class='ocrx_word' id='word_1_36' title='bbox 850 819 996 883; x_wconf 92' lang='lat' dir='ltr'>membra</span> <span class='ocrx_word' id='word_1_37' title='bbox 1016 820 1203 905; x_wconf 74' lang='lat' dir='ltr'>gubernat?</span> <span class='ocrx_word' id='word_1_38' title='bbox 1250 819 1313 899; x_wconf 87' lang='grc'>560</span> 
     </span>
     <span class='ocr_line' id='line_1_7' title="bbox 188 921 987 1009; baseline -0.001 -21"><span class='ocrx_word' id='word_1_39' title='bbox 188 924 295 988; x_wconf 89' lang='lat' dir='ltr'>iamne</span> <span class='ocrx_word' id='word_1_40' title='bbox 317 924 408 988; x_wconf 89' lang='lat' dir='ltr'>vides</span> <span class='ocrx_word' id='word_1_41' title='bbox 430 931 590 1009; x_wconf 89' lang='lat' dir='ltr'>quantum</span> <span class='ocrx_word' id='word_1_42' title='bbox 612 921 720 986; x_wconf 88' lang='lat' dir='ltr'>tenuis</span> <span class='ocrx_word' id='word_1_43' title='bbox 742 931 860 987; x_wconf 87' lang='lat' dir='ltr'>natura</span> <span class='ocrx_word' id='word_1_44' title='bbox 882 924 987 987; x_wconf 83' lang='lat' dir='ltr'>valere</span> 
     </span>
     <span class='ocr_line' id='line_1_8' title="bbox 188 1024 1151 1112; baseline -0.001 -21"><span class='ocrx_word' id='word_1_45' title='bbox 188 1027 297 1112; x_wconf 86' lang='lat' dir='ltr'>possit,</span> <span class='ocrx_word' id='word_1_46' title='bbox 319 1026 377 1091; x_wconf 89' lang='lat' dir='ltr'>ubi</span> <span class='ocrx_word' id='word_1_47' title='bbox 400 1034 449 1090; x_wconf 89' lang='lat' dir='ltr'>est</span> <span class='ocrx_word' id='word_1_48' title='bbox 471 1026 643 1090; x_wconf 88' lang='lat' dir='ltr'>coniuncta</span> <span class='ocrx_word' id='word_1_49' title='bbox 664 1024 755 1112; x_wconf 86' lang='lat' dir='ltr'>gravi</span> <span class='ocrx_word' id='word_1_50' title='bbox 777 1048 852 1089; x_wconf 90' lang='lat' dir='ltr'>curn</span> <span class='ocrx_word' id='word_1_51' title='bbox 874 1048 1012 1111; x_wconf 87' lang='lat' dir='ltr'>corpore,</span> <span class='ocrx_word' id='word_1_52' title='bbox 1034 1034 1072 1090; x_wconf 89' lang='lat' dir='ltr'>ut</span> <span class='ocrx_word' id='word_1_53' title='bbox 1094 1049 1151 1090; x_wconf 84' lang='lat' dir='ltr'>aer</span> 
     </span>
     <span class='ocr_line' id='line_1_9' title="bbox 189 1128 959 1194; baseline 0 0"><span class='ocrx_word' id='word_1_54' title='bbox 189 1129 379 1194; x_wconf 89' lang='lat' dir='ltr'>coniunctus</span> <span class='ocrx_word' id='word_1_55' title='bbox 401 1128 495 1193; x_wconf 89' lang='lat' dir='ltr'>terris</span> <span class='ocrx_word' id='word_1_56' title='bbox 518 1136 552 1192; x_wconf 91' lang='lat' dir='ltr'>et</span> <span class='ocrx_word' id='word_1_57' title='bbox 574 1128 667 1192; x_wconf 89' lang='lat' dir='ltr'>nobis</span> <span class='ocrx_word' id='word_1_58' title='bbox 690 1135 740 1192; x_wconf 89' lang='lat' dir='ltr'>est</span> <span class='ocrx_word' id='word_1_59' title='bbox 762 1128 864 1192; x_wconf 88' lang='lat' dir='ltr'>animi</span> <span class='ocrx_word' id='word_1_60' title='bbox 885 1129 959 1194; x_wconf 83' lang='lat' dir='ltr'>visi</span> 
     </span>
     <span class='ocr_line' id='line_1_10' title="bbox 233 1232 1063 1298; baseline -0.002 0"><span class='ocrx_word' id='word_1_61' title='bbox 233 1235 304 1298; x_wconf 92' lang='lat' dir='ltr'>Nec</span> <span class='ocrx_word' id='word_1_62' title='bbox 326 1233 426 1297; x_wconf 90' lang='lat' dir='ltr'>nimio</span> <span class='ocrx_word' id='word_1_63' title='bbox 449 1233 524 1297; x_wconf 90' lang='lat' dir='ltr'>solis</span> <span class='ocrx_word' id='word_1_64' title='bbox 546 1233 648 1297; x_wconf 87' lang='lat' dir='ltr'>maior</span> <span class='ocrx_word' id='word_1_65' title='bbox 669 1240 741 1296; x_wconf 92' lang='lat' dir='ltr'>rota</span> <span class='ocrx_word' id='word_1_66' title='bbox 761 1255 821 1296; x_wconf 93' lang='lat' dir='ltr'>nec</span> <span class='ocrx_word' id='word_1_67' title='bbox 842 1232 947 1297; x_wconf 90' lang='lat' dir='ltr'>minor</span> <span class='ocrx_word' id='word_1_68' title='bbox 969 1233 1063 1297; x_wconf 91' lang='lat' dir='ltr'>ardor</span> 
     </span>
     <span class='ocr_line' id='line_1_11' title="bbox 189 1335 1311 1421; baseline 0 -21"><span class='ocrx_word' id='word_1_69' title='bbox 189 1358 257 1400; x_wconf 87' lang='lat' dir='ltr'>esse</span> <span class='ocrx_word' id='word_1_70' title='bbox 279 1343 395 1421; x_wconf 88' lang='lat' dir='ltr'>potest,</span> <span class='ocrx_word' id='word_1_71' title='bbox 417 1335 535 1398; x_wconf 89' lang='lat' dir='ltr'>nostris</span> <span class='ocrx_word' id='word_1_72' title='bbox 557 1358 655 1420; x_wconf 88' lang='lat' dir='ltr'>quam</span> <span class='ocrx_word' id='word_1_73' title='bbox 677 1335 824 1399; x_wconf 84' lang='lat' dir='ltr'>sensibus</span> <span class='ocrx_word' id='word_1_74' title='bbox 847 1358 915 1399; x_wconf 87' lang='lat' dir='ltr'>esse</span> <span class='ocrx_word' id='word_1_75' title='bbox 938 1336 1074 1400; x_wconf 90' lang='lat' dir='ltr'>videtur.</span> <span class='ocrx_word' id='word_1_76' title='bbox 1251 1337 1311 1419; x_wconf 88' lang='grc'>565</span> 
     </span>
     <span class='ocr_line' id='line_1_12' title="bbox 188 1439 1160 1526; baseline -0.001 -21"><span class='ocrx_word' id='word_1_77' title='bbox 188 1464 264 1505; x_wconf 87' lang='lat' dir='ltr'>nam</span> <span class='ocrx_word' id='word_1_78' title='bbox 287 1441 405 1526; x_wconf 88' lang='lat' dir='ltr'>quibus</span> <span class='ocrx_word' id='word_1_79' title='bbox 427 1464 444 1505; x_wconf 91' lang='lat' dir='ltr'>e</span> <span class='ocrx_word' id='word_1_80' title='bbox 467 1440 580 1525; x_wconf 85' lang='lat' dir='ltr'>spatiis</span> <span class='ocrx_word' id='word_1_81' title='bbox 603 1462 741 1524; x_wconf 92' lang='lat' dir='ltr'>cumque</span> <span class='ocrx_word' id='word_1_82' title='bbox 764 1439 856 1526; x_wconf 86' lang='lat' dir='ltr'>ignes</span> <span class='ocrx_word' id='word_1_83' title='bbox 878 1440 1003 1504; x_wconf 91' lang='lat' dir='ltr'>lumina</span> <span class='ocrx_word' id='word_1_84' title='bbox 1023 1449 1160 1526; x_wconf 86' lang='lat' dir='ltr'>possunt</span> 
     </span>
     <span class='ocr_line' id='line_1_13' title="bbox 189 1544 1033 1630; baseline -0.004 -19"><span class='ocrx_word' id='word_1_85' title='bbox 189 1546 314 1611; x_wconf 83' lang='lat' dir='ltr'>adicere</span> <span class='ocrx_word' id='word_1_86' title='bbox 337 1554 371 1610; x_wconf 89' lang='lat' dir='ltr'>et</span> <span class='ocrx_word' id='word_1_87' title='bbox 392 1545 533 1609; x_wconf 90' lang='lat' dir='ltr'>calidum</span> <span class='ocrx_word' id='word_1_88' title='bbox 555 1545 709 1608; x_wconf 85' lang='lat' dir='ltr'>membris</span> <span class='ocrx_word' id='word_1_89' title='bbox 731 1544 851 1608; x_wconf 82' lang='lat' dir='ltr'>adflare</span> <span class='ocrx_word' id='word_1_90' title='bbox 873 1567 1033 1630; x_wconf 86' lang='lat' dir='ltr'>vaporem,</span> 
     </span>
     <span class='ocr_line' id='line_1_14' title="bbox 188 1647 930 1738; baseline -0.001 -26"><span class='ocrx_word' id='word_1_91' title='bbox 188 1649 235 1712; x_wconf 92' lang='lat' dir='ltr'>nil</span> <span class='ocrx_word' id='word_1_92' title='bbox 257 1649 314 1713; x_wconf 91' lang='lat' dir='ltr'>illa</span> <span class='ocrx_word' id='word_1_93' title='bbox 336 1649 386 1712; x_wconf 90' lang='lat' dir='ltr'>his</span> <span class='ocrx_word' id='word_1_94' title='bbox 408 1648 589 1712; x_wconf 81' lang='lat' dir='ltr'>intervallis</span> <span class='ocrx_word' id='word_1_95' title='bbox 610 1647 650 1711; x_wconf 91' lang='lat' dir='ltr'>de</span> <span class='ocrx_word' id='word_1_96' title='bbox 673 1670 802 1732; x_wconf 89' lang='lat' dir='ltr'>corpore</span> <span class='ocrx_word' id='word_1_97' title='bbox 826 1648 930 1738; x_wconf 88' lang='lat' dir='ltr'>libant</span> 
     </span>
     <span class='ocr_line' id='line_1_15' title="bbox 83 1751 1095 1838; baseline -0.001 -21"><span class='ocrx_word' id='word_1_98' title='bbox 83 1760 85 1764; x_wconf 84' lang='lat'>&#39;</span> <span class='ocrx_word' id='word_1_99' title='bbox 188 1753 400 1829; x_wconf 88' lang='lat' dir='ltr'>flammarum,</span> <span class='ocrx_word' id='word_1_100' title='bbox 422 1752 469 1815; x_wconf 93' lang='lat' dir='ltr'>nil</span> <span class='ocrx_word' id='word_1_101' title='bbox 491 1751 533 1816; x_wconf 93' lang='lat' dir='ltr'>ad</span> <span class='ocrx_word' id='word_1_102' title='bbox 555 1751 695 1837; x_wconf 89' lang='lat' dir='ltr'>speciem</span> <span class='ocrx_word' id='word_1_103' title='bbox 718 1760 767 1816; x_wconf 90' lang='lat' dir='ltr'>est</span> <span class='ocrx_word' id='word_1_104' title='bbox 790 1751 982 1816; x_wconf 73' lang='lat' dir='ltr'>contractior</span> <span class='ocrx_word' id='word_1_105' title='bbox 1003 1752 1095 1838; x_wconf 80' lang='lat' dir='ltr'>ignis</span> 
     </span>
     <span class='ocr_line' id='line_1_16' title="bbox 103 1854 1313 1941; baseline 0.002 -22"><span class='ocrx_word' id='word_1_106' title='bbox 103 1871 162 1938; x_wconf 83' lang='lat'>573</span> <span class='ocrx_word' id='word_1_107' title='bbox 186 1855 328 1941; x_wconf 90' lang='lat' dir='ltr'>proinde,</span> <span class='ocrx_word' id='word_1_108' title='bbox 350 1855 436 1918; x_wconf 87' lang='lat' dir='ltr'>calor</span> <span class='ocrx_word' id='word_1_109' title='bbox 457 1854 609 1940; x_wconf 89' lang='lat' dir='ltr'>quoniam</span> <span class='ocrx_word' id='word_1_110' title='bbox 631 1854 707 1918; x_wconf 87' lang='lat' dir='ltr'>solis</span> <span class='ocrx_word' id='word_1_111' title='bbox 728 1854 902 1939; x_wconf 87' lang='lat' dir='ltr'>lumenque</span> <span class='ocrx_word' id='word_1_112' title='bbox 924 1855 1092 1939; x_wconf 86' lang='lat' dir='ltr'>profusum</span> <span class='ocrx_word' id='word_1_113' title='bbox 1249 1871 1313 1937; x_wconf 83' lang='lat'>570</span> 
     </span>
     <span class='ocr_line' id='line_1_17' title="bbox 104 1955 1050 2042; baseline -0.004 -18"><span class='ocrx_word' id='word_1_114' title='bbox 104 1975 119 2039; x_wconf 84' lang='lat'><strong>5</strong></span> <span class='ocrx_word' id='word_1_115' title='bbox 125 1976 167 2040; x_wconf 89' lang='lat'>70</span> <span class='ocrx_word' id='word_1_116' title='bbox 189 1955 382 2042; x_wconf 90' lang='lat' dir='ltr'>perveniunt</span> <span class='ocrx_word' id='word_1_117' title='bbox 404 1963 529 2020; x_wconf 87' lang='lat' dir='ltr'>nostros</span> <span class='ocrx_word' id='word_1_118' title='bbox 551 1956 593 2020; x_wconf 84' lang='lat' dir='ltr'>ad</span> <span class='ocrx_word' id='word_1_119' title='bbox 615 1979 727 2020; x_wconf 87' lang='lat' dir='ltr'>sensus</span> <span class='ocrx_word' id='word_1_120' title='bbox 750 1964 783 2020; x_wconf 91' lang='lat' dir='ltr'>et</span> <span class='ocrx_word' id='word_1_121' title='bbox 806 1957 876 2020; x_wconf 88' lang='lat' dir='ltr'>loca</span> <span class='ocrx_word' id='word_1_122' title='bbox 897 1956 1050 2034; x_wconf 87' lang='lat' dir='ltr'>mulcent,</span> 
     </span>
     <span class='ocr_line' id='line_1_18' title="bbox 188 2061 1064 2147; baseline 0 -21"><span class='ocrx_word' id='word_1_123' title='bbox 188 2063 290 2126; x_wconf 88' lang='lat' dir='ltr'>forma</span> <span class='ocrx_word' id='word_1_124' title='bbox 312 2084 438 2147; x_wconf 90' lang='lat' dir='ltr'>quoque</span> <span class='ocrx_word' id='word_1_125' title='bbox 461 2061 536 2125; x_wconf 91' lang='lat' dir='ltr'>hinc</span> <span class='ocrx_word' id='word_1_126' title='bbox 558 2061 634 2125; x_wconf 91' lang='lat' dir='ltr'>solis</span> <span class='ocrx_word' id='word_1_127' title='bbox 655 2061 753 2125; x_wconf 90' lang='lat' dir='ltr'>debet</span> <span class='ocrx_word' id='word_1_128' title='bbox 775 2062 931 2147; x_wconf 91' lang='lat' dir='ltr'>filumque</span> <span class='ocrx_word' id='word_1_129' title='bbox 954 2061 1064 2138; x_wconf 86' lang='lat' dir='ltr'>videri,</span> 
     </span>
     <span class='ocr_line' id='line_1_19' title="bbox 105 2165 1082 2252; baseline -0.001 -21"><span class='ocrx_word' id='word_1_130' title='bbox 105 2181 164 2248; x_wconf 86' lang='lat'>572</span> <span class='ocrx_word' id='word_1_131' title='bbox 188 2167 235 2230; x_wconf 91' lang='lat' dir='ltr'>nil</span> <span class='ocrx_word' id='word_1_132' title='bbox 257 2167 337 2231; x_wconf 82' lang='lat' dir='ltr'>adeo</span> <span class='ocrx_word' id='word_1_133' title='bbox 359 2175 398 2231; x_wconf 91' lang='lat' dir='ltr'>ut</span> <span class='ocrx_word' id='word_1_134' title='bbox 420 2167 521 2252; x_wconf 89' lang='lat' dir='ltr'>possis</span> <span class='ocrx_word' id='word_1_135' title='bbox 544 2167 617 2251; x_wconf 85' lang='lat' dir='ltr'>plus</span> <span class='ocrx_word' id='word_1_136' title='bbox 640 2173 698 2252; x_wconf 88' lang='lat' dir='ltr'>aut</span> <span class='ocrx_word' id='word_1_137' title='bbox 720 2165 829 2230; x_wconf 87' lang='lat' dir='ltr'>minus</span> <span class='ocrx_word' id='word_1_138' title='bbox 850 2165 977 2242; x_wconf 84' lang='lat' dir='ltr'>addere,</span> <span class='ocrx_word' id='word_1_139' title='bbox 999 2189 1082 2230; x_wconf 86' lang='lat' dir='ltr'>vere.</span> 
     </span>
     <span class='ocr_line' id='line_1_20' title="bbox 104 2269 1313 2357; baseline -0.002 -23"><span class='ocrx_word' id='word_1_140' title='bbox 104 2285 166 2353; x_wconf 85' lang='grc'>575</span> <span class='ocrx_word' id='word_1_141' title='bbox 189 2271 330 2357; x_wconf 89' lang='lat' dir='ltr'>lunaque</span> <span class='ocrx_word' id='word_1_142' title='bbox 352 2271 420 2334; x_wconf 88' lang='lat' dir='ltr'>sive</span> <span class='ocrx_word' id='word_1_143' title='bbox 443 2269 543 2334; x_wconf 90' lang='lat' dir='ltr'>notho</span> <span class='ocrx_word' id='word_1_144' title='bbox 566 2271 669 2334; x_wconf 87' lang='lat' dir='ltr'>fertur</span> <span class='ocrx_word' id='word_1_145' title='bbox 690 2270 759 2333; x_wconf 84' lang='lat' dir='ltr'>loca</span> <span class='ocrx_word' id='word_1_146' title='bbox 781 2269 904 2333; x_wconf 89' lang='lat' dir='ltr'>lumine</span> <span class='ocrx_word' id='word_1_147' title='bbox 926 2270 1070 2333; x_wconf 88' lang='lat' dir='ltr'>lustrans</span> <span class='ocrx_word' id='word_1_148' title='bbox 1254 2286 1313 2354; x_wconf 84' lang='lat'>575</span> 
     </span>
     <span class='ocr_line' id='line_1_21' title="bbox 142 2373 997 2459; baseline 0 -21"><span class='ocrx_word' id='word_1_149' title='bbox 142 2413 144 2418; x_wconf 68' lang='lat'>,</span> <span class='ocrx_word' id='word_1_150' title='bbox 188 2373 255 2438; x_wconf 87' lang='lat' dir='ltr'>sive</span> <span class='ocrx_word' id='word_1_151' title='bbox 277 2397 369 2438; x_wconf 89' lang='lat' dir='ltr'>suam</span> <span class='ocrx_word' id='word_1_152' title='bbox 392 2373 520 2459; x_wconf 89' lang='lat' dir='ltr'>proprio</span> <span class='ocrx_word' id='word_1_153' title='bbox 542 2373 643 2438; x_wconf 87' lang='lat' dir='ltr'>iactat</span> <span class='ocrx_word' id='word_1_154' title='bbox 666 2373 707 2437; x_wconf 89' lang='lat' dir='ltr'>de</span> <span class='ocrx_word' id='word_1_155' title='bbox 730 2397 860 2458; x_wconf 85' lang='lat' dir='ltr'>corpore</span> <span class='ocrx_word' id='word_1_156' title='bbox 883 2376 997 2452; x_wconf 86' lang='lat' dir='ltr'>lucem,</span> 
     </span>
    </p>
   </div>
   <div class='ocr_carea' id='block_1_3' title="bbox 185 2475 1316 3080">
    <p class='ocr_par' dir='ltr' id='par_1_3' title="bbox 187 2475 966 2562">
     <span class='ocr_line' id='line_1_22' title="bbox 187 2475 966 2562; baseline 0.001 -23"><span class='ocrx_word' id='word_1_157' title='bbox 187 2475 346 2562; x_wconf 91' lang='lat' dir='ltr'>quidquid</span> <span class='ocrx_word' id='word_1_158' title='bbox 368 2476 402 2539; x_wconf 91' lang='lat' dir='ltr'>id</span> <span class='ocrx_word' id='word_1_159' title='bbox 425 2485 483 2552; x_wconf 89' lang='lat' dir='ltr'>est,</span> <span class='ocrx_word' id='word_1_160' title='bbox 505 2476 572 2539; x_wconf 93' lang='lat' dir='ltr'>nilo</span> <span class='ocrx_word' id='word_1_161' title='bbox 595 2477 697 2539; x_wconf 88' lang='lat' dir='ltr'>fertur</span> <span class='ocrx_word' id='word_1_162' title='bbox 718 2476 839 2540; x_wconf 86' lang='lat' dir='ltr'>maiore</span> <span class='ocrx_word' id='word_1_163' title='bbox 860 2477 966 2562; x_wconf 82' lang='lat' dir='ltr'>figura</span> 
     </span>
    </p>

    <p class='ocr_par' dir='ltr' id='par_1_4' title="bbox 189 2578 1089 2668">
     <span class='ocr_line' id='line_1_23' title="bbox 189 2578 1089 2668; baseline 0 -23"><span class='ocrx_word' id='word_1_164' title='bbox 189 2604 295 2668; x_wconf 89' lang='lat' dir='ltr'>quam,</span> <span class='ocrx_word' id='word_1_165' title='bbox 318 2578 436 2643; x_wconf 92' lang='lat' dir='ltr'>nostris</span> <span class='ocrx_word' id='word_1_166' title='bbox 458 2578 558 2642; x_wconf 91' lang='lat' dir='ltr'>oculis</span> <span class='ocrx_word' id='word_1_167' title='bbox 581 2602 645 2665; x_wconf 91' lang='lat' dir='ltr'>qua</span> <span class='ocrx_word' id='word_1_168' title='bbox 667 2579 836 2656; x_wconf 90' lang='lat' dir='ltr'>cernimus,</span> <span class='ocrx_word' id='word_1_169' title='bbox 859 2601 928 2643; x_wconf 88' lang='lat' dir='ltr'>esse</span> <span class='ocrx_word' id='word_1_170' title='bbox 950 2579 1089 2646; x_wconf 86' lang='lat' dir='ltr'>videtur.</span> 
     </span>
    </p>

    <p class='ocr_par' dir='ltr' id='par_1_5' title="bbox 189 2684 1038 2771">
     <span class='ocr_line' id='line_1_24' title="bbox 189 2684 1038 2771; baseline -0.001 -21"><span class='ocrx_word' id='word_1_171' title='bbox 189 2709 265 2750; x_wconf 89' lang='lat' dir='ltr'>nam</span> <span class='ocrx_word' id='word_1_172' title='bbox 288 2684 378 2771; x_wconf 90' lang='lat' dir='ltr'>prius</span> <span class='ocrx_word' id='word_1_173' title='bbox 400 2684 516 2761; x_wconf 91' lang='lat' dir='ltr'>omnia,</span> <span class='ocrx_word' id='word_1_174' title='bbox 539 2707 622 2769; x_wconf 89' lang='lat' dir='ltr'>quae</span> <span class='ocrx_word' id='word_1_175' title='bbox 642 2684 738 2770; x_wconf 82' lang='lat' dir='ltr'>longe</span> <span class='ocrx_word' id='word_1_176' title='bbox 760 2692 884 2749; x_wconf 89' lang='lat' dir='ltr'>semota</span> <span class='ocrx_word' id='word_1_177' title='bbox 906 2692 1038 2750; x_wconf 90' lang='lat' dir='ltr'>tuemur</span> 
     </span>
    </p>

    <p class='ocr_par' dir='ltr' id='par_1_6' title="bbox 185 2786 1316 3080">
     <span class='ocr_line' id='line_1_25' title="bbox 185 2786 1316 2873; baseline 0.001 -19"><span class='ocrx_word' id='word_1_178' title='bbox 185 2811 261 2854; x_wconf 86' lang='lat' dir='ltr'>aera</span> <span class='ocrx_word' id='word_1_179' title='bbox 283 2811 340 2873; x_wconf 89' lang='lat' dir='ltr'>per</span> <span class='ocrx_word' id='word_1_180' title='bbox 361 2787 513 2863; x_wconf 92' lang='lat' dir='ltr'>multum,</span> <span class='ocrx_word' id='word_1_181' title='bbox 536 2786 641 2872; x_wconf 90' lang='lat' dir='ltr'>specie</span> <span class='ocrx_word' id='word_1_182' title='bbox 664 2787 796 2850; x_wconf 86' lang='lat' dir='ltr'>confusa</span> <span class='ocrx_word' id='word_1_183' title='bbox 817 2787 970 2851; x_wconf 88' lang='lat' dir='ltr'>videntur</span> <span class='ocrx_word' id='word_1_184' title='bbox 1251 2793 1316 2871; x_wconf 83' lang='lat'>580</span> 
     </span>
     <span class='ocr_line' id='line_1_26' title="bbox 187 2890 1089 2978; baseline -0.001 -23"><span class='ocrx_word' id='word_1_185' title='bbox 187 2914 285 2978; x_wconf 89' lang='lat' dir='ltr'>quam</span> <span class='ocrx_word' id='word_1_186' title='bbox 307 2890 412 2954; x_wconf 82' lang='lat' dir='ltr'>minui</span> <span class='ocrx_word' id='word_1_187' title='bbox 432 2890 533 2954; x_wconf 92' lang='lat' dir='ltr'>filum.</span> <span class='ocrx_word' id='word_1_188' title='bbox 564 2897 760 2974; x_wconf 86' lang='lat' dir='ltr'>quapropter</span> <span class='ocrx_word' id='word_1_189' title='bbox 781 2890 859 2954; x_wconf 91' lang='lat' dir='ltr'>luna</span> <span class='ocrx_word' id='word_1_190' title='bbox 880 2909 1009 2954; x_wconf 89' lang='lat' dir='ltr'>necesse</span> <span class='ocrx_word' id='word_1_191' title='bbox 1023 2893 1089 2968; x_wconf 82' lang='lat' dir='ltr'>est,</span> 
     </span>
     <span class='ocr_line' id='line_1_27' title="bbox 187 2991 1120 3080; baseline 0.003 -24"><span class='ocrx_word' id='word_1_192' title='bbox 187 2991 447 3080; x_wconf 89' lang='lat' dir='ltr'>quandoquidem</span> <span class='ocrx_word' id='word_1_193' title='bbox 469 2992 588 3056; x_wconf 89' lang='lat' dir='ltr'>claram</span> <span class='ocrx_word' id='word_1_194' title='bbox 610 2993 749 3078; x_wconf 89' lang='lat' dir='ltr'>speciem</span> <span class='ocrx_word' id='word_1_195' title='bbox 772 3001 958 3079; x_wconf 86' lang='lat' dir='ltr'>certamque</span> <span class='ocrx_word' id='word_1_196' title='bbox 981 2993 1120 3080; x_wconf 84' lang='lat' dir='ltr'>figuram</span> 
     </span>
    </p>
   </div>
   <div class='ocr_carea' id='block_1_4' title="bbox 150 3237 1316 3302">
    <p class='ocr_par' dir='ltr' id='par_1_7' title="bbox 150 3237 1316 3302">
     <span class='ocr_line' id='line_1_28' title="bbox 150 3237 1316 3302; baseline -0.003 -10"><span class='ocrx_word' id='word_1_197' title='bbox 150 3242 198 3292; x_wconf 83' lang='lat'>555</span> <span class='ocrx_word' id='word_1_198' title='bbox 215 3242 300 3290; x_wconf 82' lang='lat' dir='ltr'>uniter</span> <span class='ocrx_word' id='word_1_199' title='bbox 316 3247 378 3302; x_wconf 82' lang='lat' dir='ltr'>epte</span> <span class='ocrx_word' id='word_1_200' title='bbox 395 3238 471 3287; x_wconf 84' lang='lat' dir='ltr'>Pont.</span> <span class='ocrx_word' id='word_1_201' title='bbox 483 3237 558 3286; x_wconf 81' lang='lat' dir='ltr'>lunt.</span> <span class='ocrx_word' id='word_1_202' title='bbox 569 3237 610 3286; x_wconf 85' lang='lat' dir='ltr'>for</span> <span class='ocrx_word' id='word_1_203' title='bbox 625 3238 711 3286; x_wconf 81' lang='lat' dir='ltr'>uniter</span> <span class='ocrx_word' id='word_1_204' title='bbox 726 3245 815 3287; x_wconf 84' lang='lat' dir='ltr'>encta:</span> <span class='ocrx_word' id='word_1_205' title='bbox 836 3237 884 3286; x_wconf 84' lang='grc'>558</span> <span class='ocrx_word' id='word_1_206' title='bbox 900 3238 987 3286; x_wconf 75' lang='lat' dir='ltr'>uniter</span> <span class='ocrx_word' id='word_1_207' title='bbox 1002 3243 1063 3300; x_wconf 80' lang='lat' dir='ltr'>epta</span> <span class='ocrx_word' id='word_1_208' title='bbox 1080 3237 1122 3286; x_wconf 88' lang='lat' dir='ltr'>l&#39;or</span> <span class='ocrx_word' id='word_1_209' title='bbox 1135 3239 1224 3287; x_wconf 80' lang='lat' dir='ltr'>uniter</span> <span class='ocrx_word' id='word_1_210' title='bbox 1237 3247 1316 3301; x_wconf 81' lang='lat' dir='ltr'>rapta</span> 
     </span>
    </p>
   </div>
   <div class='ocr_carea' id='block_1_5' title="bbox 37 3318 1315 3380">
    <p class='ocr_par' dir='ltr' id='par_1_8' title="bbox 37 3318 1315 3380">
     <span class='ocr_line' id='line_1_29' title="bbox 37 3318 1315 3380; baseline -0.005 -5"><span class='ocrx_word' id='word_1_211' title='bbox 37 3335 39 3338; x_wconf 76' lang='grc'>’</span> <span class='ocrx_word' id='word_1_212' title='bbox 101 3325 205 3374; x_wconf 88' lang='lat' dir='ltr'>Bcorr.</span> <span class='ocrx_word' id='word_1_213' title='bbox 220 3323 291 3372; x_wconf 90' lang='lat' dir='ltr'>Flor.</span> <span class='ocrx_word' id='word_1_214' title='bbox 307 3323 338 3370; x_wconf 88' lang='lat'>31</span> <span class='ocrx_word' id='word_1_215' title='bbox 356 3320 507 3370; x_wconf 63' lang='lat' dir='ltr'>Cambete.</span> <span class='ocrx_word' id='word_1_216' title='bbox 523 3335 553 3370; x_wconf 86' lang='lat' dir='ltr'>as</span> <span class='ocrx_word' id='word_1_217' title='bbox 569 3321 626 3370; x_wconf 82' lang='lat'><strong>537.</strong></span> <span class='ocrx_word' id='word_1_218' title='bbox 661 3320 727 3368; x_wconf 87' lang='lat' dir='ltr'>Mar.</span> <span class='ocrx_word' id='word_1_219' title='bbox 743 3319 792 3368; x_wconf 84' lang='lat' dir='ltr'>has</span> <span class='ocrx_word' id='word_1_220' title='bbox 809 3319 867 3368; x_wconf 88' lang='lat' dir='ltr'>first</span> <span class='ocrx_word' id='word_1_221' title='bbox 883 3318 1012 3369; x_wconf 86' lang='lat' dir='ltr'>corrected</span> <span class='ocrx_word' id='word_1_222' title='bbox 1028 3319 1108 3380; x_wconf 81' lang='lat' dir='ltr'>Mon,</span> <span class='ocrx_word' id='word_1_223' title='bbox 1128 3318 1193 3368; x_wconf 86' lang='lat' dir='ltr'>then</span> <span class='ocrx_word' id='word_1_224' title='bbox 1209 3319 1315 3369; x_wconf 80' lang='lat' dir='ltr'>written</span> 
     </span>
    </p>
   </div>
   <div class='ocr_carea' id='block_1_6' title="bbox 102 3398 1320 4453">
    <p class='ocr_par' dir='ltr' id='par_1_9' title="bbox 102 3398 1320 4453">
     <span class='ocr_line' id='line_1_30' title="bbox 102 3398 1314 3464; baseline -0.007 -8"><span class='ocrx_word' id='word_1_225' title='bbox 102 3414 178 3456; x_wconf 83' lang='lat' dir='ltr'>nnete</span> <span class='ocrx_word' id='word_1_226' title='bbox 195 3404 283 3460; x_wconf 84' lang='lat' dir='ltr'>above,</span> <span class='ocrx_word' id='word_1_227' title='bbox 295 3401 347 3451; x_wconf 87' lang='lat' dir='ltr'>and</span> <span class='ocrx_word' id='word_1_228' title='bbox 363 3401 427 3450; x_wconf 87' lang='lat' dir='ltr'>then</span> <span class='ocrx_word' id='word_1_229' title='bbox 444 3409 505 3464; x_wconf 76' lang='lat' dir='ltr'>apta</span> <span class='ocrx_word' id='word_1_230' title='bbox 522 3401 551 3449; x_wconf 94' lang='lat' dir='ltr'>in</span> <span class='ocrx_word' id='word_1_231' title='bbox 562 3415 657 3462; x_wconf 80' lang='lat' dir='ltr'>marg.;</span> <span class='ocrx_word' id='word_1_232' title='bbox 674 3398 763 3448; x_wconf 87' lang='lat' dir='ltr'>unless</span> <span class='ocrx_word' id='word_1_233' title='bbox 775 3399 819 3448; x_wconf 88' lang='lat' dir='ltr'>the</span> <span class='ocrx_word' id='word_1_234' title='bbox 830 3399 887 3447; x_wconf 86' lang='lat' dir='ltr'>first</span> <span class='ocrx_word' id='word_1_235' title='bbox 898 3398 1040 3448; x_wconf 86' lang='lat' dir='ltr'>correction</span> <span class='ocrx_word' id='word_1_236' title='bbox 1052 3399 1076 3448; x_wconf 88' lang='lat' dir='ltr'>is</span> <span class='ocrx_word' id='word_1_237' title='bbox 1086 3399 1153 3447; x_wconf 87' lang='lat' dir='ltr'>from</span> <span class='ocrx_word' id='word_1_238' title='bbox 1165 3399 1314 3460; x_wconf 85' lang='lat' dir='ltr'>Fontanus,</span> 
     </span>
     <span class='ocr_line' id='line_1_31' title="bbox 102 3479 1316 3544; baseline -0.005 -6"><span class='ocrx_word' id='word_1_239' title='bbox 102 3488 148 3538; x_wconf 86' lang='lat' dir='ltr'>the</span> <span class='ocrx_word' id='word_1_240' title='bbox 166 3485 242 3536; x_wconf 88' lang='lat' dir='ltr'>other</span> <span class='ocrx_word' id='word_1_241' title='bbox 259 3485 326 3533; x_wconf 88' lang='lat' dir='ltr'>from</span> <span class='ocrx_word' id='word_1_242' title='bbox 344 3483 485 3532; x_wconf 85' lang='lat' dir='ltr'>Marullus:</span> <span class='ocrx_word' id='word_1_243' title='bbox 504 3482 526 3531; x_wconf 92' lang='lat' dir='ltr'>it</span> <span class='ocrx_word' id='word_1_244' title='bbox 543 3482 566 3530; x_wconf 90' lang='lat' dir='ltr'>is</span> <span class='ocrx_word' id='word_1_245' title='bbox 582 3497 654 3531; x_wconf 88' lang='lat' dir='ltr'>more</span> <span class='ocrx_word' id='word_1_246' title='bbox 670 3480 736 3530; x_wconf 89' lang='lat' dir='ltr'>than</span> <span class='ocrx_word' id='word_1_247' title='bbox 752 3479 874 3544; x_wconf 86' lang='lat' dir='ltr'>probable</span> <span class='ocrx_word' id='word_1_248' title='bbox 890 3480 950 3530; x_wconf 85' lang='lat' dir='ltr'>thet</span> <span class='ocrx_word' id='word_1_249' title='bbox 966 3481 1102 3530; x_wconf 81' lang='lat' dir='ltr'>Pontanus</span> <span class='ocrx_word' id='word_1_250' title='bbox 1118 3480 1171 3530; x_wconf 85' lang='lat' dir='ltr'>had</span> <span class='ocrx_word' id='word_1_251' title='bbox 1189 3480 1235 3530; x_wconf 88' lang='lat' dir='ltr'>the</span> <span class='ocrx_word' id='word_1_252' title='bbox 1256 3482 1316 3532; x_wconf 88' lang='lat' dir='ltr'>cod.</span> 
     </span>
     <span class='ocr_line' id='line_1_32' title="bbox 102 3565 1315 3628; baseline -0.003 -8"><span class='ocrx_word' id='word_1_253' title='bbox 102 3573 198 3622; x_wconf 86' lang='lat' dir='ltr'>Victor.</span> <span class='ocrx_word' id='word_1_254' title='bbox 216 3572 245 3619; x_wconf 90' lang='lat' dir='ltr'>in</span> <span class='ocrx_word' id='word_1_255' title='bbox 263 3569 306 3618; x_wconf 87' lang='lat' dir='ltr'>his</span> <span class='ocrx_word' id='word_1_256' title='bbox 323 3567 409 3618; x_wconf 85' lang='lat' dir='ltr'>hands</span> <span class='ocrx_word' id='word_1_257' title='bbox 426 3567 512 3617; x_wconf 86' lang='lat' dir='ltr'>before</span> <span class='ocrx_word' id='word_1_258' title='bbox 532 3567 671 3616; x_wconf 82' lang='lat' dir='ltr'>Marullus:</span> <span class='ocrx_word' id='word_1_259' title='bbox 692 3580 775 3628; x_wconf 89' lang='lat' dir='ltr'>comp.</span> <span class='ocrx_word' id='word_1_260' title='bbox 793 3565 866 3614; x_wconf 82' lang='lat'>1152.</span> <span class='ocrx_word' id='word_1_261' title='bbox 965 3567 1013 3617; x_wconf 85' lang='grc'>559</span> <span class='ocrx_word' id='word_1_262' title='bbox 1025 3566 1126 3627; x_wconf 77' lang='lat' dir='ltr'>pernici</span> <span class='ocrx_word' id='word_1_263' title='bbox 1145 3565 1218 3615; x_wconf 84' lang='lat' dir='ltr'>Brix.</span> <span class='ocrx_word' id='word_1_264' title='bbox 1234 3565 1315 3616; x_wconf 80' lang='lat' dir='ltr'>Pont.</span> 
     </span>
     <span class='ocr_line' id='line_1_33' title="bbox 104 3646 1317 3712; baseline -0.004 -7"><span class='ocrx_word' id='word_1_265' title='bbox 104 3656 170 3705; x_wconf 87' lang='lat' dir='ltr'>Mar.</span> <span class='ocrx_word' id='word_1_266' title='bbox 186 3652 271 3703; x_wconf 81' lang='lat' dir='ltr'>Ald.1</span> <span class='ocrx_word' id='word_1_267' title='bbox 288 3651 363 3700; x_wconf 81' lang='lat' dir='ltr'>lunt.</span> <span class='ocrx_word' id='word_1_268' title='bbox 380 3650 421 3698; x_wconf 88' lang='lat' dir='ltr'>for</span> <span class='ocrx_word' id='word_1_269' title='bbox 435 3651 548 3712; x_wconf 77' lang='lat' dir='ltr'>pernice.</span> <span class='ocrx_word' id='word_1_270' title='bbox 578 3650 680 3712; x_wconf 76' lang='lat' dir='ltr'>pernice</span> <span class='ocrx_word' id='word_1_271' title='bbox 699 3650 813 3697; x_wconf 81' lang='lat' dir='ltr'>attollere</span> <span class='ocrx_word' id='word_1_272' title='bbox 832 3646 902 3696; x_wconf 81' lang='lat' dir='ltr'>Flor.</span> <span class='ocrx_word' id='word_1_273' title='bbox 914 3648 959 3698; x_wconf 78' lang='lat'>31:</span> <span class='ocrx_word' id='word_1_274' title='bbox 980 3662 1080 3697; x_wconf 84' lang='lat' dir='ltr'>amere</span> <span class='ocrx_word' id='word_1_275' title='bbox 1097 3648 1166 3710; x_wconf 87' lang='lat' dir='ltr'>conj.</span> <span class='ocrx_word' id='word_1_276' title='bbox 1267 3651 1317 3700; x_wconf 92' lang='grc'>560</span> 
     </span>
     <span class='ocr_line' id='line_1_34' title="bbox 106 3728 1318 3799; baseline -0.004 -13"><span class='ocrx_word' id='word_1_277' title='bbox 106 3738 174 3799; x_wconf 81' lang='lat' dir='ltr'>Quid</span> <span class='ocrx_word' id='word_1_278' title='bbox 191 3733 283 3783; x_wconf 85' lang='lat' dir='ltr'>Lamb.</span> <span class='ocrx_word' id='word_1_279' title='bbox 300 3731 329 3781; x_wconf 92' lang='lat' dir='ltr'>in</span> <span class='ocrx_word' id='word_1_280' title='bbox 344 3734 430 3781; x_wconf 83' lang='lat' dir='ltr'>errata</span> <span class='ocrx_word' id='word_1_281' title='bbox 446 3733 473 3781; x_wconf 92' lang='lat' dir='ltr'>to</span> <span class='ocrx_word' id='word_1_282' title='bbox 490 3730 531 3779; x_wconf 87' lang='lat' dir='ltr'>ed.</span> <span class='ocrx_word' id='word_1_283' title='bbox 549 3733 573 3790; x_wconf 88' lang='grc'>3,</span> <span class='ocrx_word' id='word_1_284' title='bbox 590 3730 672 3780; x_wconf 85' lang='lat' dir='ltr'>Faber</span> <span class='ocrx_word' id='word_1_285' title='bbox 689 3729 718 3778; x_wconf 93' lang='lat' dir='ltr'>in</span> <span class='ocrx_word' id='word_1_286' title='bbox 734 3729 777 3778; x_wconf 87' lang='lat' dir='ltr'>his</span> <span class='ocrx_word' id='word_1_287' title='bbox 793 3728 894 3780; x_wconf 82' lang='lat' dir='ltr'>emend.</span> <span class='ocrx_word' id='word_1_288' title='bbox 915 3730 955 3778; x_wconf 83' lang='lat' dir='ltr'>for</span> <span class='ocrx_word' id='word_1_289' title='bbox 973 3731 1046 3791; x_wconf 76' lang='lat' dir='ltr'>Quis.</span> <span class='ocrx_word' id='word_1_290' title='bbox 1077 3732 1158 3778; x_wconf 85' lang='lat' dir='ltr'>enimi</span> <span class='ocrx_word' id='word_1_291' title='bbox 1174 3729 1258 3780; x_wconf 80' lang='lat' dir='ltr'>Lech.</span> <span class='ocrx_word' id='word_1_292' title='bbox 1275 3731 1318 3781; x_wconf 78' lang='lat' dir='ltr'>ior</span> 
     </span>
     <span class='ocr_line' id='line_1_35' title="bbox 104 3812 1264 3878; baseline -0.003 -10"><span class='ocrx_word' id='word_1_293' title='bbox 104 3820 219 3878; x_wconf 82' lang='lat' dir='ltr'>aninnc3</span> <span class='ocrx_word' id='word_1_294' title='bbox 236 3829 265 3864; x_wconf 88' lang='lat' dir='ltr'>es</span> <span class='ocrx_word' id='word_1_295' title='bbox 276 3815 333 3864; x_wconf 88' lang='grc'><strong><em>563.</em></strong></span> <span class='ocrx_word' id='word_1_296' title='bbox 431 3813 479 3862; x_wconf 89' lang='grc'>563</span> <span class='ocrx_word' id='word_1_297' title='bbox 498 3815 651 3862; x_wconf 74' lang='lat' dir='ltr'>Coniunctus</span> <span class='ocrx_word' id='word_1_298' title='bbox 663 3812 732 3863; x_wconf 79' lang='lat' dir='ltr'>Flor.</span> <span class='ocrx_word' id='word_1_299' title='bbox 745 3813 776 3862; x_wconf 90' lang='lat'>31</span> <span class='ocrx_word' id='word_1_300' title='bbox 789 3813 877 3864; x_wconf 84' lang='lat' dir='ltr'>Gamb.</span> <span class='ocrx_word' id='word_1_301' title='bbox 891 3813 967 3862; x_wconf 87' lang='lat' dir='ltr'>Pont.</span> <span class='ocrx_word' id='word_1_302' title='bbox 979 3813 1043 3863; x_wconf 87' lang='lat' dir='ltr'>Mar.</span> <span class='ocrx_word' id='word_1_303' title='bbox 1058 3812 1099 3861; x_wconf 88' lang='lat' dir='ltr'>for</span> <span class='ocrx_word' id='word_1_304' title='bbox 1111 3815 1264 3864; x_wconf 76' lang='lat' dir='ltr'>Coniuncta.</span> 
     </span>
     <span class='ocr_line' id='line_1_36' title="bbox 153 3892 1318 3959; baseline -0.003 -11"><span class='ocrx_word' id='word_1_305' title='bbox 153 3898 201 3949; x_wconf 90' lang='grc'>567</span> <span class='ocrx_word' id='word_1_306' title='bbox 219 3897 323 3945; x_wconf 83' lang='lat' dir='ltr'>Adicere</span> <span class='ocrx_word' id='word_1_307' title='bbox 336 3893 472 3959; x_wconf 79' lang='lat' dir='ltr'>(Adiiccrc)</span> <span class='ocrx_word' id='word_1_308' title='bbox 483 3893 576 3943; x_wconf 84' lang='lat' dir='ltr'>Lamb.</span> <span class='ocrx_word' id='word_1_309' title='bbox 587 3894 627 3942; x_wconf 83' lang='lat' dir='ltr'>for</span> <span class='ocrx_word' id='word_1_310' title='bbox 638 3895 768 3943; x_wconf 82' lang='lat' dir='ltr'>Adliccre:</span> <span class='ocrx_word' id='word_1_311' title='bbox 785 3909 801 3943; x_wconf 83' lang='lat' dir='ltr'>a</span> <span class='ocrx_word' id='word_1_312' title='bbox 813 3893 951 3943; x_wconf 77' lang='lat' dir='ltr'>confusion</span> <span class='ocrx_word' id='word_1_313' title='bbox 962 3894 991 3942; x_wconf 86' lang='lat' dir='ltr'>os</span> <span class='ocrx_word' id='word_1_314' title='bbox 1000 3893 1084 3942; x_wconf 83' lang='lat' dir='ltr'>which</span> <span class='ocrx_word' id='word_1_315' title='bbox 1095 3909 1133 3942; x_wconf 84' lang='lat' dir='ltr'>we</span> <span class='ocrx_word' id='word_1_316' title='bbox 1143 3892 1210 3943; x_wconf 85' lang='lat' dir='ltr'>have</span> <span class='ocrx_word' id='word_1_317' title='bbox 1221 3895 1276 3945; x_wconf 81' lang='lat' dir='ltr'>had</span> <span class='ocrx_word' id='word_1_318' title='bbox 1287 3910 1318 3945; x_wconf 93' lang='lat' dir='ltr'>so</span> 
     </span>
     <span class='ocr_line' id='line_1_37' title="bbox 104 3975 1315 4040; baseline -0.001 -11"><span class='ocrx_word' id='word_1_319' title='bbox 104 3993 184 4040; x_wconf 87' lang='lat' dir='ltr'>many</span> <span class='ocrx_word' id='word_1_320' title='bbox 195 3975 333 4038; x_wconf 85' lang='lat' dir='ltr'>examples.</span> <span class='ocrx_word' id='word_1_321' title='bbox 464 3975 512 4024; x_wconf 85' lang='grc'>568</span> <span class='ocrx_word' id='word_1_322' title='bbox 528 3977 577 4024; x_wconf 87' lang='lat' dir='ltr'>Nil</span> <span class='ocrx_word' id='word_1_323' title='bbox 592 3976 642 4023; x_wconf 86' lang='lat' dir='ltr'>illa</span> <span class='ocrx_word' id='word_1_324' title='bbox 657 3976 696 4024; x_wconf 77' lang='lat' dir='ltr'>liic</span> <span class='ocrx_word' id='word_1_325' title='bbox 711 3977 854 4024; x_wconf 82' lang='lat' dir='ltr'>intervallis</span> <span class='ocrx_word' id='word_1_326' title='bbox 869 3976 947 4024; x_wconf 89' lang='lat' dir='ltr'>Bern.</span> <span class='ocrx_word' id='word_1_327' title='bbox 959 3975 1000 4024; x_wconf 86' lang='lat' dir='ltr'>for</span> <span class='ocrx_word' id='word_1_328' title='bbox 1011 3977 1086 4024; x_wconf 83' lang='lat' dir='ltr'>Nihil</span> <span class='ocrx_word' id='word_1_329' title='bbox 1097 3977 1148 4024; x_wconf 78' lang='lat' dir='ltr'>aiei</span> <span class='ocrx_word' id='word_1_330' title='bbox 1160 3978 1315 4030; x_wconf 77' lang='lat' dir='ltr'>intervallis.</span> 
     </span>
     <span class='ocr_line' id='line_1_38' title="bbox 104 4055 1315 4121; baseline -0.001 -10"><span class='ocrx_word' id='word_1_331' title='bbox 104 4062 152 4112; x_wconf 88' lang='lat' dir='ltr'>Nil</span> <span class='ocrx_word' id='word_1_332' title='bbox 162 4075 193 4109; x_wconf 88' lang='lat' dir='ltr'>ca</span> <span class='ocrx_word' id='word_1_333' title='bbox 204 4062 233 4108; x_wconf 88' lang='lat' dir='ltr'>in</span> <span class='ocrx_word' id='word_1_334' title='bbox 244 4060 283 4106; x_wconf 80' lang='lat' dir='ltr'>liis</span> <span class='ocrx_word' id='word_1_335' title='bbox 295 4059 343 4107; x_wconf 82' lang='lat' dir='ltr'>int.</span> <span class='ocrx_word' id='word_1_336' title='bbox 354 4055 434 4106; x_wconf 78' lang='lat' dir='ltr'>Lech.</span> <span class='ocrx_word' id='word_1_337' title='bbox 467 4058 523 4106; x_wconf 83' lang='lat' dir='ltr'>Ille</span> <span class='ocrx_word' id='word_1_338' title='bbox 538 4059 594 4121; x_wconf 76' lang='lat' dir='ltr'>ipso</span> <span class='ocrx_word' id='word_1_339' title='bbox 609 4059 745 4107; x_wconf 81' lang='lat' dir='ltr'>intervalla</span> <span class='ocrx_word' id='word_1_340' title='bbox 760 4060 828 4107; x_wconf 82' lang='lat' dir='ltr'>nihil</span> <span class='ocrx_word' id='word_1_341' title='bbox 842 4058 935 4107; x_wconf 82' lang='lat' dir='ltr'>Lemb.</span> <span class='ocrx_word' id='word_1_342' title='bbox 968 4060 1062 4120; x_wconf 77' lang='lat' dir='ltr'>Nilqnc</span> <span class='ocrx_word' id='word_1_343' title='bbox 1072 4059 1123 4106; x_wconf 80' lang='lat' dir='ltr'>nisi</span> <span class='ocrx_word' id='word_1_344' title='bbox 1138 4073 1169 4106; x_wconf 77' lang='lat' dir='ltr'>cn</span> <span class='ocrx_word' id='word_1_345' title='bbox 1182 4060 1231 4107; x_wconf 83' lang='lat' dir='ltr'>int.</span> <span class='ocrx_word' id='word_1_346' title='bbox 1243 4059 1315 4111; x_wconf 84' lang='lat' dir='ltr'>Flor.</span> 
     </span>
     <span class='ocr_line' id='line_1_39' title="bbox 104 4138 1316 4203; baseline -0.001 -11"><span class='ocrx_word' id='word_1_347' title='bbox 104 4144 136 4192; x_wconf 88' lang='grc'>31</span> <span class='ocrx_word' id='word_1_348' title='bbox 154 4140 240 4191; x_wconf 82' lang='lat' dir='ltr'>(lamb.</span> <span class='ocrx_word' id='word_1_349' title='bbox 253 4141 268 4188; x_wconf 88' lang='grc'><strong><em>3</em></strong></span> <span class='ocrx_word' id='word_1_350' title='bbox 283 4139 343 4190; x_wconf 85' lang='lat' dir='ltr'>Vat.</span> <span class='ocrx_word' id='word_1_351' title='bbox 355 4139 421 4189; x_wconf 84' lang='lat' dir='ltr'>Mer.</span> <span class='ocrx_word' id='word_1_352' title='bbox 455 4142 536 4189; x_wconf 80' lang='lat' dir='ltr'>libent</span> <span class='ocrx_word' id='word_1_353' title='bbox 553 4141 619 4190; x_wconf 85' lang='lat' dir='ltr'>Mer.</span> <span class='ocrx_word' id='word_1_354' title='bbox 635 4140 709 4190; x_wconf 82' lang='lat' dir='ltr'>lunt.</span> <span class='ocrx_word' id='word_1_355' title='bbox 726 4140 767 4189; x_wconf 81' lang='lat' dir='ltr'>for</span> <span class='ocrx_word' id='word_1_356' title='bbox 784 4143 887 4190; x_wconf 81' lang='lat' dir='ltr'>librent.</span> <span class='ocrx_word' id='word_1_357' title='bbox 922 4142 1011 4190; x_wconf 81' lang='lat' dir='ltr'>liment</span> <span class='ocrx_word' id='word_1_358' title='bbox 1027 4139 1118 4189; x_wconf 86' lang='lat' dir='ltr'>Lemb.</span> <span class='ocrx_word' id='word_1_359' title='bbox 1130 4138 1172 4188; x_wconf 87' lang='lat' dir='ltr'>ed.</span> <span class='ocrx_word' id='word_1_360' title='bbox 1186 4139 1201 4187; x_wconf 93' lang='lat'>1</span> <span class='ocrx_word' id='word_1_361' title='bbox 1219 4140 1274 4190; x_wconf 85' lang='lat' dir='ltr'>and</span> <span class='ocrx_word' id='word_1_362' title='bbox 1291 4144 1316 4203; x_wconf 78' lang='grc'>3,</span> 
     </span>
     <span class='ocr_line' id='line_1_40' title="bbox 105 4221 1318 4288; baseline 0.001 -14"><span class='ocrx_word' id='word_1_363' title='bbox 105 4226 200 4274; x_wconf 81' lang='lat' dir='ltr'>librent</span> <span class='ocrx_word' id='word_1_364' title='bbox 210 4222 249 4272; x_wconf 87' lang='lat' dir='ltr'>ed.</span> <span class='ocrx_word' id='word_1_365' title='bbox 264 4224 288 4272; x_wconf 89' lang='lat'>3.</span> <span class='ocrx_word' id='word_1_366' title='bbox 371 4222 419 4273; x_wconf 88' lang='grc'>570</span> <span class='ocrx_word' id='word_1_367' title='bbox 430 4221 497 4288; x_wconf 73' lang='grc'><strong><em>(573)</em></strong></span> <span class='ocrx_word' id='word_1_368' title='bbox 510 4222 622 4284; x_wconf 83' lang='lat' dir='ltr'>brought</span> <span class='ocrx_word' id='word_1_369' title='bbox 632 4221 693 4273; x_wconf 86' lang='lat' dir='ltr'>here</span> <span class='ocrx_word' id='word_1_370' title='bbox 703 4222 738 4286; x_wconf 80' lang='lat' dir='ltr'>by</span> <span class='ocrx_word' id='word_1_371' title='bbox 749 4223 814 4273; x_wconf 85' lang='lat' dir='ltr'>Mar.</span> <span class='ocrx_word' id='word_1_372' title='bbox 826 4222 999 4273; x_wconf 87' lang='lat' dir='ltr'>Ald.1Junt.</span> <span class='ocrx_word' id='word_1_373' title='bbox 1076 4223 1124 4274; x_wconf 91' lang='grc'>571</span> <span class='ocrx_word' id='word_1_374' title='bbox 1142 4224 1197 4272; x_wconf 83' lang='lat' dir='ltr'>loca</span> <span class='ocrx_word' id='word_1_375' title='bbox 1207 4226 1318 4276; x_wconf 68' lang='lat' dir='ltr'>mulcere</span> 
     </span>
     <span class='ocr_line' id='line_1_41' title="bbox 104 4304 1319 4369; baseline 0.002 -13"><span class='ocrx_word' id='word_1_376' title='bbox 104 4305 417 4367; x_wconf 69' lang='lat' dir='ltr'>Laenforiocafalcent.</span> <span class='ocrx_word' id='word_1_377' title='bbox 446 4304 716 4366; x_wconf 71' lang='lat' dir='ltr'>locarinqnnlhamb.</span> <span class='ocrx_word' id='word_1_378' title='bbox 775 4307 823 4357; x_wconf 83' lang='grc'>572</span> <span class='ocrx_word' id='word_1_379' title='bbox 833 4307 956 4369; x_wconf 79' lang='lat' dir='ltr'>filumque</span> <span class='ocrx_word' id='word_1_380' title='bbox 967 4304 1256 4356; x_wconf 76' lang='lat' dir='ltr'>Lamb.ed.2innotes</span> <span class='ocrx_word' id='word_1_381' title='bbox 1264 4306 1319 4358; x_wconf 77' lang='lat' dir='ltr'>end</span> 
     </span>
     <span class='ocr_line' id='line_1_42' title="bbox 104 4384 1320 4453; baseline 0.006 -16"><span class='ocrx_word' id='word_1_382' title='bbox 104 4385 249 4437; x_wconf 74' lang='grc'><strong><em>55351555</em></strong></span> <span class='ocrx_word' id='word_1_383' title='bbox 260 4384 395 4436; x_wconf 83' lang='lat' dir='ltr'>Turnebus</span> <span class='ocrx_word' id='word_1_384' title='bbox 406 4385 447 4435; x_wconf 82' lang='lat' dir='ltr'>ior</span> <span class='ocrx_word' id='word_1_385' title='bbox 457 4387 577 4450; x_wconf 75' lang='lat' dir='ltr'>ilnnqnc.</span> <span class='ocrx_word' id='word_1_386' title='bbox 627 4386 756 4441; x_wconf 79' lang='lat'>574=571</span> <span class='ocrx_word' id='word_1_387' title='bbox 771 4386 848 4453; x_wconf 82' lang='grc'><strong><em>(570).</em></strong></span> <span class='ocrx_word' id='word_1_388' title='bbox 899 4385 1320 4452; x_wconf 65' lang='lat' dir='ltr'>581minnifilnnBsnt101mi</span> 
     </span>
    </p>
   </div>
   <div class='ocr_carea' id='block_1_7' title="bbox 0 0 1434 4860">
    <p class='ocr_par' dir='ltr' id='par_1_10' title="bbox 0 0 1434 4860">
     <span class='ocr_line' id='line_1_43' title="bbox 0 0 1434 4860; baseline 0 0"><span class='ocrx_word' id='word_1_389' title='bbox 0 0 1434 4860; x_wconf 95' lang='lat' dir='ltr'> </span> 
     </span>
    </p>
   </div>
  </div>
 </body>
</html>
