2842 4860
384 839 424 914 T.
471 836 716 916 LUORETI
761 834 900 914 CARI
1006 878 1013 891 ·

268 1075 358 1158 DE
418 1074 669 1160 RERUM
729 1068 1022 1156 NATURA

462 1375 593 1433 LIBER
629 1375 833 1446 QUARTUS

132 1757 229 1842 [Avia
250 1756 416 1822 Pieridum
438 1777 573 1842 peragro
595 1755 664 1820 loca
686 1754 806 1819 nullius
828 1764 905 1819 ante

130 1861 210 1925 trita
231 1860 306 1937 solo,
328 1859 420 1923 iuvat
442 1859 585 1945 integros
606 1859 757 1923 accedere
780 1857 878 1922 sontis

130 1975 228 2051 atque
251 1965 388 2042 haurire,
410 1964 565 2049 iuvatque
588 1986 687 2028 novos
710 1964 879 2048 decerpere
902 1963 995 2028 flores

130 2069 354 2156 insignemque
377 2090 449 2131 meo
471 2067 571 2152 capiti
593 2075 704 2152 petere
726 2066 802 2130 inde
825 2089 973 2130 coronam

131 2174 217 2237 unde
239 2173 329 2259 prius
351 2172 433 2236 nulli
455 2172 594 2236 velarint
616 2180 763 2257 tempora
785 2191 913 2250 musae;

131 2276 271 2361 primum
294 2277 381 2362 quod
402 2276 529 2362 magnis
551 2276 648 2340 doceo
671 2276 711 2339 de
734 2276 830 2340 rebus
853 2283 886 2339 et
909 2274 988 2338 artis

131 2380 323 2466 religionum
345 2380 491 2443 animum
514 2380 606 2443 nodis
629 2379 791 2444 exsolvere
813 2402 920 2466 pergo,

132 2484 248 2548 deinde
271 2484 357 2569 quod
379 2485 513 2547 obscura
535 2484 574 2547 de
597 2506 631 2547 re
655 2491 723 2546 tam
746 2482 854 2547 lucida
874 2505 980 2569 pango

131 2586 281 2663 carmina,
303 2610 434 2650 musaeo
457 2587 647 2673 contingens
670 2594 787 2649 cuncta
808 2586 924 2678 lepore

132 2691 166 2754 id
188 2713 314 2776 quoque
338 2690 425 2754 enirn
447 2713 512 2753 non
534 2690 575 2753 ab
597 2689 688 2753 nulla
709 2689 833 2754 ratione
856 2689 1003 2767 videtur3

131 2817 207 2857 nam
230 2793 333 2857 veluti
355 2793 464 2878 pueris
485 2792 650 2856 absinthia
671 2801 778 2857 taetra
799 2793 967 2857 medentes

132 2920 206 2962 cum
229 2897 304 2961 dare
328 2905 493 2973 conantur,
516 2896 604 2981 prius
627 2919 697 2960 oras
719 2898 835 2982 pocula
856 2897 976 2962 circum

133 2998 326 3085 contingunt
349 2997 454 3062 mellis
477 2998 563 3062 dulci
585 2999 731 3084 flavoque
755 2999 886 3084 liquore,

133 3111 171 3165 ut
193 3126 366 3188 puerorum
388 3111 479 3167 aetas
501 3103 669 3187 inprovida
691 3103 877 3167 ludificetur

133 3207 294 3270 labrorum
317 3215 421 3282 tenue,
443 3206 569 3270 interea
590 3214 741 3291 perpotet
763 3228 909 3269 amarum

133 3311 276 3376 absinthi
298 3311 428 3376 laticem
451 3311 650 3396 deceptaque
672 3333 737 3373 non
760 3309 914 3396 capiatur,

134 3414 191 3478 sed
212 3414 320 3499 potius
342 3413 402 3477 tali
424 3422 519 3498 pacto
541 3421 685 3477 recreata
706 3412 855 3488 valescat,

134 3517 179 3581 sic
201 3540 261 3604 ego
283 3539 378 3593 nunc,
400 3516 552 3602 quoniam
575 3516 655 3579 haec
676 3516 759 3580 ratio
781 3515 971 3602 plerumque
993 3514 1123 3580 videtur

134 3618 257 3682 tristior
278 3641 346 3682 esse
369 3618 486 3703 quibus
507 3641 573 3681 non
595 3625 645 3682 est
667 3625 814 3695 tractata,
836 3625 985 3703 retroque

134 3722 247 3810 volgus
268 3723 419 3786 abhorret
441 3723 482 3786 ab
505 3722 573 3800 hac,
595 3722 683 3786 volui
705 3722 767 3786 tibi
788 3722 1027 3807 suaviloquenti
1215 3741 1257 3788 20

133 3826 274 3892 carmine
297 3826 402 3891 Pierio
424 3826 583 3890 rationem
605 3849 763 3911 exponere
785 3834 928 3890 nostram

81 4003 231 4054 rotimum.
264 4004 360 4050 arianos
379 4001 499 4051 Lactant.
522 4015 532 4048 1
552 4001 602 4050 16:
626 4015 668 4049 see
688 4013 698 4047 1
718 4000 774 4050 932.
892 4001 908 4048 8
927 4013 1013 4061 paupe
1030 3998 1099 4048 Flor'.
1116 3999 1148 4047 31
1166 3997 1256 4048 Gamb.

47 4082 140 4132 auat.
157 4082 225 4144 vulg.
243 4080 283 4130 for
298 4083 399 4145 pondo:
423 4096 452 4130 eo
472 4098 482 4131 1
500 4083 556 4132 933.
688 4079 718 4128 11
736 4081 810 4130 Nom.
852 4081 889 4128 Ac
909 4079 1019 4141 Quintil.
1039 4094 1072 4128 111
1091 4081 1105 4129 l
1122 4080 1139 4128 4
1156 4079 1257 4128 Nonius

46 4163 199 4226 Hieronym.
275 4165 306 4213 13
325 4164 488 4225 Continuant.
521 4164 655 4225 Impiraat
665 4175 695 4211 or
705 4164 847 4224 Asper-pont
858 4160 968 4223 Quintil.
1044 4161 1076 4213 17
1088 4169 1165 4224 pacto
1175 4161 1257 4211 Lech.

47 4246 198 4297 rotemero:
216 4260 245 4296 so
256 4259 268 4295 1
279 4245 337 4296 942.
378 4260 396 4295 a
407 4251 478 4295 tacta
492 4244 562 4295 Nico.
576 4259 626 4294 one
636 4244 696 4293 Vat.
708 4243 766 4293 Ver.
779 4243 844 4294 Ven.
857 4243 916 4293 Ald.
929 4244 944 4291 1
961 4244 1036 4292 Junt.
1047 4243 1122 4294 Walu
1158 4249 1258 4293 attactu

47 4325 118 4379 rlor.
135 4327 168 4379 81
184 4328 200 4377 8
216 4326 277 4379 vna
308 4327 416 4379 adtactu
432 4325 523 4377 Oamb.
556 4333 628 4376 tuctu
646 4325 739 4375 Lamb.
756 4324 796 4375 ed.
815 4327 838 4376 3.
868 4326 942 4388 sacto
959 4323 1049 4374 Lamb.
1069 4323 1107 4376 ed
1128 4324 1142 4372 1
1160 4322 1213 4374 and
1233 4324 1256 4383 2,
