2842 4860
636 269 686 335 VI

131 431 327 496 conveniunt
349 439 407 497 aut
428 433 464 496 in
486 432 594 498 taedai
616 455 745 519 corpore
767 432 953 509 adhaerent,

132 536 304 601 ardescunt
326 537 419 602 facile
442 539 614 623 extemplo,
637 537 714 624 quia
736 538 842 602 multa
863 559 991 623 quoque
1014 536 1050 600 in
1072 557 1106 599 se

132 640 257 704 semina
278 641 401 705 habent
423 639 508 727 ignis
530 648 669 726 stuppae
691 641 871 727 taedaeque
894 641 1034 705 latentis.

133 766 240 809 nonne
262 744 353 809 vides
375 744 483 821 etiarn,
506 754 664 809 nocturna
686 744 729 809 ad
751 745 876 809 lumina
897 745 1002 809 linum
1191 759 1258 825 900

133 871 238 933 nuper
259 849 317 913 ubi
340 849 522 914 extinctum
544 849 724 926 admoveas,
746 848 914 914 accendier
935 856 1012 912 ante

134 975 232 1038 quam
255 953 368 1040 tetigit
390 953 564 1030 flammam,
586 952 781 1039 taedamque
803 953 874 1038 pari
896 953 1045 1017 ratione?

134 1054 302 1140 multaque
325 1063 493 1141 praeterea
514 1056 604 1141 prius
626 1055 696 1141 ipso
719 1062 808 1120 tacta
829 1077 946 1141 vapore

135 1156 262 1221 eminus
284 1157 456 1221 ardescunt
478 1181 576 1243 quam
599 1157 778 1222 comminus
800 1157 927 1221 imbuat
949 1156 1040 1242 ignis.

135 1260 195 1325 hoo
217 1261 320 1348 igitur
341 1263 411 1327 fieri
434 1285 561 1349 quoque
583 1263 618 1327 in
641 1263 696 1327 illo
720 1263 808 1327 fonte
831 1261 1052 1348 putandumst.
1195 1275 1257 1343 905

178 1365 274 1445 Quod
296 1374 452 1453 superest,
475 1390 570 1453 agere
592 1367 747 1453 incipiam
769 1389 832 1452 quo
855 1366 982 1430 foedere
1004 1364 1062 1428 fiat

135 1476 280 1546 naturae,
303 1470 385 1555 lapis
407 1471 460 1534 hic
482 1480 521 1535 ut
544 1471 664 1535 ferrum
686 1470 802 1534 ducere
825 1469 934 1556 possit,

136 1594 234 1658 quem
256 1573 413 1660 Magneta
434 1581 550 1638 vocant
573 1573 678 1659 patrio
700 1573 741 1638 de
761 1573 891 1637 nomine
914 1572 999 1649 Grai,

137 1677 330 1762 Magnetum
354 1678 431 1764 quia
452 1679 491 1742 fit
513 1678 627 1765 patriis
649 1678 684 1742 in
706 1677 826 1742 finibus
848 1685 945 1741 ortus.

137 1779 224 1844 hunc
248 1779 395 1845 homines
418 1782 560 1867 lapidem
582 1782 761 1861 mirantur;
790 1781 909 1867 quippe
932 1788 1080 1845 catenam
1196 1797 1262 1862 910

137 1909 233 1973 saepe
256 1909 295 1950 ex
318 1885 431 1950 anellis
454 1885 561 1949 reddit
583 1883 801 1970 pendentibus
824 1906 863 1947 ex
886 1905 927 1947 se.

138 1991 282 2076 quinque
305 1989 428 2054 etenim
450 1989 527 2053 licet
549 1987 715 2052 interdum
737 1987 910 2073 pluresque
936 1985 1045 2050 videre

138 2094 248 2159 ordine
271 2092 426 2157 demissos
447 2092 573 2156 levibus
595 2090 744 2155 iactarier
765 2089 859 2166 auris,

139 2220 223 2262 unus
245 2196 304 2261 ubi
326 2219 365 2260 ex
388 2219 454 2261 uno
476 2196 639 2282 dependet
661 2202 774 2280 supter
795 2193 972 2258 adhaerens

140 2323 180 2364 ex
202 2299 329 2386 alioque
351 2299 434 2364 alius
456 2298 574 2384 lapidis
596 2297 662 2361 vim
685 2298 854 2383 vinclaque
877 2297 999 2371 noscit:
1199 2310 1261 2379 915

138 2425 240 2488 usque
262 2402 342 2467 adeo
364 2410 593 2488 permananter
614 2401 662 2465 vis
684 2402 829 2486 pervolat
852 2401 928 2465 eius.

182 2506 255 2570 Hoc
276 2528 380 2591 genus
402 2505 437 2569 in
459 2505 555 2570 rebus
577 2504 804 2568 firmandumst
827 2503 933 2568 multa
955 2503 1045 2589 prius
1067 2525 1165 2589 quam

139 2609 240 2696 ipsius
262 2609 310 2674 rei
332 2609 492 2674 rationem
515 2608 648 2673 reddere
671 2609 782 2694 possis,

140 2720 174 2777 et
196 2713 334 2777 nimium
357 2712 462 2798 longis
484 2713 675 2799 ambagibus
698 2720 748 2776 est
771 2710 976 2792 adeundum3

140 2839 204 2902 quo
225 2816 329 2903 magis
351 2823 495 2881 attentas
517 2816 604 2881 auris
626 2816 836 2902 animumque
859 2838 995 2901 reposco.
1199 2835 1265 2899 920

184 2917 346 3002 Principio
369 2918 518 2982 omnibus
541 2919 583 2983 ab
605 2919 710 2995 rebus,
733 2941 952 3004 quascumque
974 2918 1130 2997 videmus,

142 3029 300 3107 perpetuo
323 3022 423 3086 fluere
446 3045 482 3086 ac
505 3022 595 3086 mitti
617 3023 788 3108 spargique
810 3032 969 3086 necessest

141 3146 272 3209 corpora
293 3147 376 3209 quae
399 3125 517 3189 feriant
539 3125 647 3189 oculos
668 3124 838 3210 visumque
853 3125 1025 3213 ¹lacessant.

141 3236 364 3315 perpetuoque
386 3227 495 3292 fluunt
517 3227 614 3292 certis
635 3228 678 3292 ab
699 3229 796 3292 rebus
819 3229 948 3308 odores3

142 3332 243 3418 frigus
265 3338 304 3395 ut
326 3330 485 3408 diluviis,
507 3331 593 3395 calor
615 3331 657 3395 ab
679 3331 754 3409 sole,
778 3339 887 3395 aestus
910 3332 952 3395 ab
974 3330 1070 3395 undis
1200 3347 1263 3415 925

142 3434 289 3521 aequoris
311 3457 423 3498 exesor
444 3457 625 3498 moerorum
647 3434 743 3498 litora
764 3441 902 3518 propter.

145 3561 204 3603 nec
226 3538 307 3604 varii
329 3548 455 3603 cessant
477 3538 603 3603 sonitus
624 3561 755 3603 manare
777 3561 837 3624 per
857 3562 959 3605 auras.

89 3686 137 3737 897
149 3686 231 3734 autin
240 3686 310 3734 tcdui
319 3700 418 3747 corporo
430 3684 466 3733 Is.
475 3684 549 3735 Voss.
558 3685 587 3734 in
595 3700 644 3734 ms.
654 3688 729 3735 notos
738 3685 778 3735 for
787 3692 833 3735 aut
842 3687 937 3735 indeuia
946 3701 1061 3749 corporo:
1074 3689 1103 3736 iu
1112 3689 1181 3737 tedas·
1190 3687 1264 3738 Pont.

56 3767 119 3817 also.
152 3768 182 3815 iu
194 3768 252 3816 todo
263 3782 319 3817 cum
329 3783 433 3830 corpora
446 3769 510 3820 Mar.
526 3783 545 3819 s.
560 3783 595 3821 m.
610 3768 669 3820 Ald.
684 3770 698 3816 1
711 3769 785 3818 Junt.
916 3771 965 3821 898
976 3772 1039 3832 quia
1049 3770 1118 3821 Flor.
1133 3771 1164 3818 31
1177 3769 1265 3820 Oamb.

56 3849 239 3911 Manforqui.
358 3851 793 3901 8990111111131111.1111111111.
828 3850 1024 3914 tepentishach.
1143 3853 1190 3903 907
1203 3853 1269 3914 lupis

55 3929 78 3977 B
90 3942 155 3978 oorr.
167 3929 237 3977 Flor.
249 3929 280 3977 31
294 3929 381 3979 Oamb.
395 3929 471 3979 Pont.
484 3931 548 3980 Mar.
561 3930 601 3979 for
613 3933 687 3994 lapsi.
786 3932 835 3983 908
853 3933 930 3993 Quem
940 3932 962 3979 B
974 3946 1037 3982 corr.
1052 3931 1122 3981 Flor.
1134 3933 1165 3981 31
1178 3930 1267 3983 Gamb.

57 4013 123 4061 Mar.
136 4010 277 4072 forQuam.
394 4012 442 4061 909
453 4012 498 4074 fit.
530 4013 566 4059 sit
577 4010 649 4060 Nice.
661 4011 730 4062 Flor.
745 4013 776 4061 31
790 4013 860 4062 Mon.
872 4013 943 4075 vulg.
977 4019 1082 4074 ‘parum
1093 4013 1198 4063 Lstine’
1211 4028 1270 4076 says

56 4092 150 4143 Iason:
166 4092 214 4141 but
225 4092 248 4140 it
258 4091 282 4140 is
292 4092 307 4141 I
316 4090 393 4140 think
405 4090 555 4153 defensible,
570 4106 599 4141 as
614 4092 703 4154 giving
717 4092 787 4142 their
800 4093 905 4155 motiva,
918 4097 966 4143 not
977 4093 1022 4143 the
1033 4094 1115 4155 poet’s
1126 4094 1271 4146 inference:

56 4190 138 4238 comp.
151 4188 184 4223 111
196 4173 244 4224 100
255 4175 422 4223 Harmoniam
435 4176 500 4223 Grai
512 4189 587 4236 quom
603 4175 700 4233 dicunt,
712 4175 779 4236 qaod
788 4175 941 4236 faciamos.
976 4182 1054 4224 ortus.
1082 4183 1139 4225 ortu
1148 4174 1229 4226 Lach.
1242 4191 1271 4225 as

56 4260 147 4310 11387.
264 4258 312 4308 912
330 4259 445 4320 Quinque
457 4257 479 4305 B
492 4270 556 4307 corr.
571 4256 641 4306 Flor.
654 4257 685 4304 91
697 4256 762 4306 Mar.
778 4255 819 4305 for
832 4259 882 4318 Qui
892 4272 980 4320 acque.
1096 4258 1143 4308 913
1155 4259 1272 4307 demissos

56 4339 149 4390 Iramb.
161 4339 218 4388 first
230 4339 270 4388 for
282 4341 396 4389 demisso.
495 4339 543 4390 916
556 4346 737 4401 percursantes·
747 4338 817 4389 Flor.
830 4340 861 4388 31
873 4340 964 4390 Camb.
976 4341 1042 4389 Mar.
1052 4340 1091 4389 for
1100 4347 1269 4403 perrnoauter.

54 4423 172 4488 pervolat
192 4420 303 4474 Turneb.
325 4421 383 4472 adv.
403 4421 523 4484 xxrr13‚
543 4421 630 4471 Bentl.
650 4421 690 4471 for
704 4423 829 4485 pervalet.
961 4423 1020 4486 [925
1037 4430 1075 4472 ut.
1108 4424 1130 4472 it
1150 4423 1272 4472 Kannen·
