2842 4860
166 225 232 308 256
638 245 640 251 ·
746 221 795 286 VI

294 386 367 451 Hoc
388 385 488 451 etiam
511 392 606 472 pacto
628 384 751 449 tonitru
774 405 926 449 concussa
947 382 1100 448 videntur

252 490 360 555 omnia
381 512 477 576 saepe
498 489 590 577 gravi
612 497 750 554 tremere
773 496 807 553 et
830 487 952 552 divolsa
973 494 1107 574 repente

250 594 392 658 maxima
414 593 589 658 dissiluisse
612 593 737 679 capacis
758 592 887 657 moenia
907 591 1030 670 mundi,

251 720 325 762 cum
348 695 455 762 subito
477 696 577 761 validi
598 695 689 761 venti
711 695 856 760 conlecta
877 695 1017 780 procella

251 799 393 864 nubibus
415 797 544 862 intorsit
567 820 635 862 sese
658 798 870 883 conclusaque
892 795 1015 862 ibidem

252 903 382 969 turbine
405 902 547 968 versanti
569 902 673 990 magis
694 925 732 967 ac
754 900 858 989 magis
880 900 1023 987 undique
1046 900 1168 967 nubem

252 1007 339 1094 cogit
360 1007 412 1072 uti
434 1007 492 1071 fiat
514 1007 615 1093 spisso
637 1029 716 1072 cava
737 1029 866 1093 corpore
889 1005 1018 1085 circum,

252 1120 326 1199 post
347 1112 405 1177 ubi
427 1112 606 1177 conminuit
628 1112 676 1177 vis
699 1111 769 1177 eius
790 1119 826 1177 et
847 1111 990 1197 impetus
1012 1134 1093 1189 acer,

253 1225 325 1282 tum
347 1217 578 1303 perterricrepo
600 1216 709 1282 sonitu
732 1217 788 1282 dat
811 1216 907 1282 scissa
929 1217 1094 1303 fragorem.

252 1343 312 1386 nee
333 1320 462 1399 mirum,
484 1344 558 1386 cum
581 1322 677 1407 plena
699 1315 826 1386 animae
849 1321 1013 1386 vensicula
1034 1343 1134 1407 parva

253 1448 348 1511 saepe
370 1426 419 1490 ita
441 1425 497 1491 dat
519 1434 647 1490 torvum
670 1426 812 1490 sonitum
835 1425 974 1511 displosa
995 1432 1136 1511 repente.

297 1530 356 1595 Est
378 1529 478 1595 etiam
500 1529 591 1609 ratio,
613 1553 688 1594 cum
710 1529 801 1594 venti
822 1529 935 1594 nubila
956 1529 1103 1615 perflant,

253 1641 292 1698 ut
314 1634 438 1699 sonitus
459 1634 587 1699 faciant.
618 1634 740 1699 etenim
762 1657 888 1699 ramosa
908 1634 1056 1699 videmus

253 1737 366 1803 nubila
387 1761 482 1824 saepe
504 1737 608 1802 modis
629 1738 742 1802 multis
764 1746 863 1824 atque
885 1760 998 1824 aspera
1019 1737 1115 1818 ferri;

254 1840 376 1907 scilicet
398 1849 445 1920 ut,
468 1840 611 1912 crebram
634 1841 747 1905 silvam
770 1864 844 1906 cum
866 1841 999 1906 flamina
1020 1841 1108 1906 cauri

253 1945 401 2037 perflant,
423 1944 503 2010 dant
526 1944 668 2009 sonitum
691 1945 818 2010 frondes
839 1945 985 2031 ramique
1008 1946 1174 2032 fragorem.

254 2049 292 2113 fit
314 2071 442 2134 quoque
464 2055 503 2112 ut
524 2047 689 2112 interdum
712 2048 811 2114 validi
833 2049 881 2113 vis
903 2049 1004 2114 incita
1025 2048 1116 2114 venti
1198 2098 1200 2102 .

254 2151 438 2239 perscindat
459 2152 581 2218 nubem
603 2151 805 2239 perfringens
826 2152 949 2239 impete
971 2160 1068 2218 recto.

255 2279 331 2322 nam
353 2255 432 2342 quid
454 2256 555 2342 possit
576 2256 624 2320 ibi
646 2256 743 2321 flatus
764 2257 937 2322 manifesta
958 2255 1052 2321 docet
1074 2278 1133 2333 res,

255 2361 316 2439 hic,
339 2361 397 2426 ubi
418 2361 520 2426 lenior
542 2369 600 2441 est,
622 2361 657 2425 in
679 2369 766 2426 terra
788 2385 862 2427 cum
885 2370 996 2427 tamen
1018 2363 1086 2427 alta
1322 2380 1379 2444 140

255 2467 388 2540 arbusta
409 2468 559 2531 evolvens
580 2466 741 2531 radicibus
763 2466 873 2530 haurit
895 2466 936 2531 ab
957 2465 1039 2531 imis.

256 2578 332 2636 sunt
355 2570 454 2635 etiam
477 2571 595 2636 fluctus
617 2594 675 2656 per
696 2571 817 2649 nubila,
840 2571 896 2658 qui
918 2571 1010 2657 quasi
1031 2593 1179 2635 murmur

255 2673 335 2738 dant
357 2674 392 2737 in
414 2674 590 2762 frangendo
612 2674 775 2762 graviter3
804 2673 890 2761 quod
911 2674 992 2739 item
1014 2674 1053 2738 fit
1074 2673 1110 2738 in
1131 2673 1208 2739 altis

256 2777 445 2843 fluminibus
466 2800 647 2866 magnoque
670 2778 759 2855 mari,
782 2801 857 2842 cum
880 2777 1041 2865 frangitur
1061 2784 1177 2842 aestua

256 2884 294 2948 fit
317 2906 453 2970 quoque,
475 2884 533 2948 ubi
555 2907 573 2948 e
595 2883 676 2948 nubi
698 2883 733 2947 in
755 2883 876 2948 nubem
899 2883 947 2947 vis
969 2882 1084 2951 incidit
1101 2881 1224 2947 'ardens
1322 2896 1377 2965 145

257 2987 409 3065 fulminis,
432 2987 511 3052 haec
533 2987 637 3052 multo
659 2987 687 3052 si
708 2988 790 3052 forte
813 3010 924 3058 umore
947 2986 1069 3072 recepit

257 3092 375 3179 ignem,
398 3091 550 3156 continuo
573 3101 607 3157 ut
629 3114 746 3178 magno
769 3091 905 3156 clamore
928 3090 1069 3160 trucidet
1081 3113 1089 3170 ;

257 3203 296 3259 ut
318 3193 429 3260 calidis
451 3194 590 3259 candens
613 3196 732 3259 ferrum
755 3218 773 3259 e
795 3193 977 3259 fornacibus
999 3193 1075 3258 olim
1133 3274 1136 3279 .

170 3395 223 3446 and
240 3398 264 3445 3.
297 3395 332 3444 Is.
345 3394 419 3444 Voss.
434 3397 479 3444 too
496 3392 548 3444 and
565 3393 661 3444 Greech
677 3393 760 3457 prefer
776 3397 900 3444 ecferunt.
933 3395 1024 3443 exierit
1040 3391 1109 3444 Flor.
1127 3393 1158 3441 31
1177 3390 1269 3444 (lamb.
1288 3395 1305 3443 3
1322 3393 1378 3445 vm

170 3477 228 3527 Alc.
241 3479 255 3526 1
270 3477 287 3525 J
288 3480 344 3526 unt.
355 3476 447 3527 Iramb.
480 3479 589 3526 exierint
605 3476 675 3526 Brix.
686 3476 745 3526 Ver.
757 3476 822 3526 Ven.
834 3475 913 3534 Mar.;
933 3474 978 3524 but
994 3477 1086 3524 exierit
1102 3474 1169 3524 Mar.
1180 3488 1225 3536 ap.
1237 3474 1337 3527 Victor.
1353 3475 1379 3526 in

171 3559 308 3610 ed.Ven.·
385 3558 432 3606 124
444 3560 592 3608 corwollcctc
603 3558 656 3606 AB.
690 3557 883 3609 conlectcNicc.
898 3557 969 3606 Brix.
1002 3555 1216 3606 collectahoorr.
1230 3555 1323 3608 (lamb.

166 3688 169 3695 ,
205 3642 252 3690 128
269 3641 413 3690 conminuit.
453 3641 581 3689 commovit
597 3639 620 3687 A
636 3654 701 3688 corr.
717 3639 787 3689 Flor.
806 3641 837 3689 31
856 3638 946 3689 (lamb.
965 3637 1037 3687 Mon.
1055 3636 1126 3686 Brix.
1143 3636 1202 3688 Ver.
1225 3637 1293 3688 Ven.
1311 3638 1377 3704 vulg.

171 3723 257 3773 before
268 3720 348 3770 Lach.
480 3722 527 3772 129
538 3724 616 3771 scisso
626 3723 704 3772 Bern.
716 3723 756 3772 for
767 3725 851 3772 masc.
879 3721 1048 3787 3111111111
1064 3721 1086 3770 it
1097 3721 1120 3770 is
1131 3719 1229 3784 clearly
1239 3721 1286 3772 the
1297 3725 1379 3787 11111,

172 3787 218 3852 not
235 3801 280 3851 the
294 3802 416 3864 procella,
428 3799 512 3849 which
528 3800 551 3849 is
567 3800 629 3850 here
646 3802 743 3863 spoken
761 3803 802 3861 οἱς
821 3801 921 3864 though
936 3801 973 3852 all
988 3800 1086 3851 editors
1101 3800 1189 3851 before
1202 3801 1287 3853 Iraoh.
1299 3803 1383 3857 retain

171 3887 255 3946 111111,
269 3882 352 3932 which
367 3882 465 3932 Isidore
481 3886 525 3933 too
541 3883 602 3946 orig.
615 3899 665 3933 xrrr
676 3888 691 3933 8
703 3889 775 3935 must
785 3885 851 3936 have
862 3884 936 3935 read:
954 3884 1000 3934 the
1011 3884 1160 3948 corruption
1171 3884 1303 3937 therefore
1313 3887 1383 3941 mur

171 3966 203 4016 be
214 3964 265 4014 old.
365 3964 412 4013 131
424 3972 520 4014 tornum
530 3965 579 4015 Ed.
592 3965 633 4015 for
642 3982 755 4029 paruum.
788 3982 903 4029 mcpnmn
914 3967 949 4016 Is.
962 3966 1037 4016 Voss.
1049 3965 1078 4015 in
1090 3980 1140 4016 ms.
1153 3969 1229 4016 notes
1240 3967 1296 4018 and
1306 3968 1380 4021 wnk

168 4051 269 4112 pariter
288 4046 353 4097 Mar.
371 4047 444 4097 Junt.
463 4048 554 4098 hamb.
567 4051 616 4098 etc.
650 4050 729 4112 Saepe
747 4051 788 4100 det
807 4052 869 4100 haut
886 4065 995 4112 parvum
1012 4048 1092 4099 Lech.
1126 4049 1217 4098 Noenu
1234 4053 1275 4100 ita
1295 4053 1340 4102 det
1353 4066 1380 4117 9.

172 4130 261 4180 Bern:
279 4129 326 4179 but
337 4144 379 4179 see
391 4134 465 4180 notes
476 4132 500 4180 2.
526 4160 529 4166 ·
600 4132 647 4180 132
659 4132 712 4181 end
724 4133 771 4182 136
785 4134 895 4194 perflant
906 4132 928 4181 A
939 4147 1004 4182 corr.
1016 4131 1087 4182 Nico.
1099 4132 1139 4181 for
1151 4134 1274 4196 perfiant.

176 4198 179 4203 ’
204 4210 252 4259 133
266 4211 307 4260 Ut.
344 4210 631 4272 Ourhamh.wrongly.
764 4213 810 4260 141
822 4214 931 4261 Arbustc
942 4212 1163 4262 evolvensAcorr.
1175 4212 1247 4264 Flor.
1259 4215 1293 4264 31
1304 4214 1381 4269 Pont.

171 4292 288 4342 Mentor
304 4293 413 4342 Arbusto
427 4295 534 4342 volvens.
568 4295 672 4343 Arbuste
682 4297 781 4344 volvens
797 4295 868 4344 Nico.
881 4295 970 4345 (lamb.
1103 4294 1150 4343 144
1167 4303 1252 4346 aesna
1268 4295 1340 4348 Flor.
1351 4296 1382 4349 tl

173 4374 263 4426 (lamb.
275 4377 323 4424 etc.
336 4375 375 4424 for
390 4384 451 4425 cest.
486 4376 664 4428 1111111111.
677 4378 746 4427 Nicc.
760 4379 830 4429 Mon.
844 4380 900 4429 Ver.
913 4380 977 4429 Ven.
990 4378 1058 4440 vulg.
1192 4380 1240 4432 147
1259 4389 1287 4431 ut
1302 4378 1383 4435 added
