2842 4860
1217 278 1278 345 Ι57

157 452 175 493 1
199 429 316 515 quibus
337 429 371 493 id
394 430 451 494 fiat
474 429 578 493 causis
600 452 729 514 quoque
751 451 880 493 noscere
903 438 936 493 et
959 429 1044 493 unde
1195 444 1273 510 1055

157 542 251 598 tanta
273 535 351 598 mali
374 543 541 620 tamquam
564 534 664 598 moles
686 535 720 597 in
743 543 872 619 pectore
895 543 1029 613 constet,
1085 562 1087 567 ·

157 637 239 700 haut
260 637 308 701 ita
329 638 431 701 vitam
454 645 595 722 agerent,
618 646 656 701 ut
678 660 764 701 nunc
787 639 978 723 plerumque
999 637 1147 702 videmus

157 740 235 824 quid
258 741 320 805 sibi
343 741 480 826 quisque
502 741 582 805 velit
606 741 730 805 nescire
753 749 787 805 et
810 763 964 825 quaerere
987 763 1115 825 semper

157 854 357 909 commutare
379 845 487 909 locum
509 845 602 930 quasi
625 867 706 910 onus
729 846 888 930 deponere
910 845 1020 931 possit.

157 946 226 1010 exit
247 969 342 1032 saepe
365 948 449 1011 foras
471 949 598 1034 magnis
621 971 661 1011 ex
684 947 818 1012 aedibus
841 948 904 1025 ille,

157 1071 225 1112 csse
247 1050 335 1113 domi
357 1073 455 1134 quem
477 1059 703 1136 pertaesumst‚
725 1051 896 1134 subitoque
918 1051 1052 1126 revertit,

157 1155 277 1238 quippe
299 1154 376 1219 foris
398 1155 464 1218 nilo
487 1155 603 1219 melius
625 1155 683 1240 qui
706 1155 827 1219 sentiat
849 1177 926 1219 esse.
999 1174 1002 1179 ·

156 1261 256 1323 currit
278 1283 377 1345 agens
399 1283 533 1324 mannos
556 1259 595 1323 ad
618 1259 729 1323 villam
752 1258 1011 1343 praecipitanter,

156 1364 314 1428 auxilium
336 1365 431 1429 tectis
453 1365 545 1449 quasi
567 1365 650 1428 ferre
672 1363 860 1427 ardentibus
883 1364 1008 1426 instans
1020 1385 1027 1440 ;

157 1466 271 1530 oscitat
293 1466 463 1550 extemplq
487 1466 598 1551 tetigit
620 1487 695 1528 cum
717 1464 832 1528 limina
853 1464 957 1541 villae,

156 1578 215 1634 aut
237 1571 306 1634 abit
328 1571 363 1633 in
384 1593 532 1634 somnum
555 1570 661 1656 gravis
683 1577 782 1653 atque
805 1567 923 1631 oblivia
945 1568 1080 1652 quaerit,

156 1681 215 1736 aut
237 1673 336 1738 etiam
358 1696 531 1759 properans
555 1674 667 1737 urbem
689 1673 775 1758 petit
798 1681 896 1757 atque
919 1672 1037 1735 revisit.

157 1776 216 1841 hoc
238 1800 272 1841 se
295 1778 431 1863 quisque
454 1778 549 1841 modo
571 1777 657 1863 fugit
681 1779 729 1859 (at
751 1799 848 1862 quem
871 1776 1000 1854 scilicet,
1023 1783 1061 1839 ut
1083 1775 1128 1854 fit,
1163 1816 1172 1835 .

156 1880 298 1965 effugere
320 1881 402 1946 haut
423 1881 508 1966 potis
531 1889 588 1956 est,
610 1880 747 1965 ingratis
769 1880 895 1963 haeret)
918 1887 952 1943 et
974 1878 1043 1942 odit
1139 1893 1140 1896 ’

156 1992 336 2070 propterea,
359 1984 463 2049 morbi
485 1985 563 2069 quia
584 2007 715 2048 causam
737 2007 802 2048 non
825 1990 917 2048 tenet
939 2005 1052 2067 aeger3

156 2110 254 2172 quam
276 2087 358 2159 bene
381 2088 408 2152 si
429 2087 549 2164 videat,
572 2088 638 2151 iam
660 2088 756 2151 rebus
778 2086 914 2172 quisque
937 2086 1058 2150 relictis

63 2196 67 2202 '
155 2198 306 2253 naturam
328 2191 469 2275 primum
493 2190 623 2254 studeat
645 2211 834 2274 cognoscere
856 2211 973 2266 rerum,
1006 2219 1010 2227 ’ν
1060 2219 1062 2225 v
1088 2222 1090 2225 ·

155 2293 310 2377 temporis
332 2294 457 2357 aeterni
479 2294 641 2378 quoniam,
663 2315 729 2356 non
751 2292 847 2357 unius
870 2292 975 2367 horae,

155 2399 332 2485 ambigitur
354 2407 467 2473 statue,
489 2398 525 2460 in
547 2420 610 2482 quo
633 2397 677 2461 sit
699 2397 888 2460 mortalibus
911 2397 1015 2459 omnis

154 2511 252 2581 aetas,
274 2511 347 2587 post
369 2511 506 2566 mortem
530 2524 612 2586 quae
635 2509 736 2566 restat
758 2523 897 2586 cumque
918 2501 1088 2564 manenda.

199 2606 349 2690 Denique
371 2613 463 2670 tanto
486 2628 580 2689 opere
603 2605 637 2668 in
660 2605 767 2669 dubiis
790 2605 951 2689 trepidare
974 2604 1101 2690 periclis

155 2731 238 2793 quae
260 2708 346 2772 mala
367 2731 425 2771 nos
447 2708 569 2792 subigit
591 2708 671 2771 vitai
693 2715 787 2772 tanta
808 2707 948 2792 cupido?

155 2822 242 2877 certa
263 2813 395 2898 quidem
419 2812 493 2876 finis
515 2813 602 2877 vitae
625 2812 815 2876 mortalibus
837 2811 946 2875 adstat

154 2939 214 2981 nec
236 2916 374 2981 devitari
396 2915 499 2980 letum
522 2924 598 3000 pote
621 2915 701 3000 quin
723 2916 898 2989 obeamus„

155 3028 322 3106 praeterea
343 3041 508 3083 versamur
529 3018 651 3082 ibidem
673 3028 771 3104 atque
795 3019 942 3082 insumus
966 3041 1069 3104 usque
1195 3025 1278 3086 1080

155 3147 214 3189 nec
239 3147 323 3188 nova
349 3124 485 3187 vivendo
509 3123 697 3208 procuditur
719 3122 786 3186 ulla
817 3123 986 3207 voluptas;

68 3264 172 3312 incerto.
279 3262 342 3311 1061
358 3264 463 3332 revertit
474 3261 557 3309 added
573 3261 607 3323 by
618 3260 732 3310 Politian
749 3261 778 3309 in
794 3276 875 3322 marg.
893 3260 1075 3311 1011201111.
1090 3261 1103 3309 1
1122 3261 1195 3311 Junt.
1207 3264 1275 3325 vulg.

68 3351 181 3393 recantat
197 3344 266 3392 Flor.
278 3346 310 3394 29
319 3344 386 3394 Flor.
401 3346 432 3392 31
444 3343 533 3393 Gamb.
548 3344 613 3394 Mar.
649 3351 772 3392 revertens
784 3344 859 3392 Pont.
894 3346 983 3392 recisit
994 3344 1073 3404 ProIl,
1087 3343 1119 3393 de
1129 3345 1206 3393 form.
1218 3351 1274 3396 ant.

67 3427 142 3478 Lucr.
154 3441 179 3488 p.
192 3425 296 3476 44-48.
388 3426 451 3474 1063
464 3429 667 3490 praecipitanter
674 3426 743 3476 Nico.
755 3427 795 3475 for
802 3428 965 3488 praecipiter.
1003 3426 1031 3474 ¹f.
1041 3429 1274 3491 praecipitesque...

68 3510 156 3557 instat'
177 3507 268 3559 Heins.
290 3508 318 3556 in
338 3511 490 3556 manetes.
603 3510 667 3558 1068
693 3510 771 3560 10691
795 3509 829 3571 by
847 3524 862 3558 a
880 3508 963 3566 better
982 3509 1154 3570 punctuation
1176 3510 1191 3558 I
1211 3510 1277 3560 have

68 3590 82 3637 I
100 3590 177 3639 think
195 3589 271 3638 made
291 3589 344 3638 this
364 3589 484 3652 disputed
502 3606 612 3653 passage
624 3591 695 3652 quite
713 3592 795 3640 clear:
814 3592 877 3642 1069
893 3593 1002 3652 ingratia
1019 3590 1110 3640 Lamb.
1123 3591 1220 3655 rightly
1236 3593 1277 3642 for

67 3673 210 3732 ingratius:
227 3669 339 3731 nothing
351 3671 403 3720 else
414 3671 436 3719 is
448 3675 476 3720 to
487 3672 518 3721 be
529 3672 658 3734 changed;
675 3672 722 3722 but
733 3680 761 3721 ct
778 3674 968 3734 garam...haerct
984 3686 1026 3720 are
1038 3674 1065 3721 to
1076 3671 1107 3721 be
1118 3673 1237 3722 enclosed
1247 3673 1276 3722 in

66 3752 194 3802 brackets.
325 3753 389 3802 1068
405 3753 446 3801 for
462 3770 533 3816 quem
550 3753 629 3804 Lech.
647 3769 734 3816 quom:
750 3753 793 3803 his
809 3757 870 3802 note
887 3753 910 3801 is
926 3757 994 3802 most
1011 3753 1213 3818 unsatisfactory
1224 3756 1276 3805 and

67 3838 95 3883 to
114 3849 157 3882 me
176 3834 271 3883 almost
290 3833 493 3895 unintelligible3
519 3834 656 3898 especially
674 3835 719 3884 the
738 3835 821 3884 words
847 3839 921 3884 ‘nam
940 3849 994 3884 sese
1013 3834 1091 3883 homo
1110 3839 1157 3885 aut
1176 3852 1277 3900 semper

66 3920 176 3980 effugere
195 3919 280 3979 potest
299 3920 345 3966 aut
365 3932 515 3979 numquam,
538 3916 662 3978 quoniam
680 3917 729 3966 hoc
748 3920 833 3966 totum
853 3917 962 3979 figurate
981 3916 1097 3966 dicitur’.
1131 3917 1227 3968 Seneca
1244 3919 1276 3968 de

66 3997 202 4074 tranquill.
223 4013 244 4046 11
263 3998 294 4045 14
313 3997 407 4061 clearly
422 3997 484 4046 read
502 4013 589 4060 quem:
611 3997 645 4046 he
656 3999 773 4061 explains
792 3999 868 4049 Lucr.
890 3997 960 4059 quite
978 3998 1111 4060 eorrectly.
1147 4001 1219 4062 sagit
1235 4007 1271 4051 at.

60 4083 164 4157 [agitat
180 4079 284 4142 Madvig
301 4083 369 4142 poet.
382 4080 440 4128 Lat.
453 4095 532 4128 carm.
544 4080 590 4128 sel.
604 4080 681 4128 1843:
699 4080 745 4129 but
764 4081 867 4142 Seneca,
881 4095 910 4129 as
921 4078 978 4129 well
990 4094 1018 4128 as
1033 4093 1081 4128 our
1096 4095 1170 4139 msa,
1181 4080 1277 4144 clearly

66 4161 131 4212 read
142 4163 215 4225 fagit
232 4168 267 4212 at.
379 4160 443 4210 1069
461 4163 548 4210 haeret
567 4167 592 4210 et
610 4163 682 4222 capit
701 4160 765 4209 Mar.
783 4161 857 4209 dunt.
874 4159 964 4210 Lamb.
979 4160 1047 4222 vulg.
1081 4159 1132 4208 For
1148 4162 1275 4221 ingratius

67 4241 134 4293 Van.
145 4241 221 4292 alone
231 4239 281 4293 has
293 4242 390 4300 iaitaa3
408 4240 535 4291 therefore
545 4240 640 4293 Avanc.
655 4241 713 4289 who
728 4239 841 4289 founded
854 4239 896 4289 his
912 4239 1024 4289 revision
1036 4254 1070 4289 on
1082 4239 1104 4287 it
1114 4238 1163 4288 has
1177 4241 1275 4288 invitae

66 4324 197 4375 adhaeret
306 4322 369 4374 1078
394 4323 521 4385 rampone
541 4325 638 4372 aeterni
656 4322 731 4371 Pont.
751 4322 816 4373 Mar.
838 4320 897 4370 Ald.
916 4321 929 4369 1
947 4322 1020 4372 Junt.
1041 4320 1098 4369 first
1115 4320 1155 4368 for
1170 4321 1275 4369 Aeterni

67 4405 193 4469 terrm.
291 4402 356 4455 lost
372 4403 496 4453 mamrrda
506 4402 598 4452 Lamb.
611 4403 651 4451 for
661 4404 791 4452 manendo.
896 4401 961 4452 1078
979 4402 1166 4463 cerraqaidem
1175 4399 1274 4450 Avanc.
1334 4471 1338 4480 ι
