2842 4860
220 354 304 440 ignis
327 354 420 430 enim,
437 352 519 418 foret
541 352 735 440 omnimodis
757 354 983 440 quodcumque
1006 365 1158 421 crearent.

220 482 343 536 verum,
365 467 404 522 ut
426 458 546 543 opinor,
568 458 667 524 itast:
701 466 778 522 sunt
799 460 958 544 quaedam
981 481 1112 545 corpora
1134 481 1271 546 quorum

220 587 391 629 concursus
413 572 521 628 motus
542 563 621 626 ordo
640 562 785 647 positura
806 562 928 648 figurae
1273 565 1335 644 685

221 669 366 733 efficiunt
388 667 480 754 ignis,
499 673 694 758 mutatoque
716 665 830 730 ordine
850 673 980 731 mutant

221 781 372 837 naturam
394 792 501 856 neque
523 778 600 834 sunt
622 769 690 854 igni
713 770 867 834 simulata
889 793 994 856 neque
1016 772 1076 836 ulli

220 885 387 962 praeterea
407 874 454 939 rei
476 896 561 959 quae
582 895 713 958 corpora
734 874 864 939 mittere
886 876 988 961 possit

221 980 368 1046 sensibus
391 987 424 1043 et
446 988 570 1043 nostros
592 978 721 1043 adiectu
744 987 877 1064 tangere
898 988 1013 1046 tactus.

264 1087 388 1175 Dicere
402 1107 495 1171 porro
517 1084 627 1168 ignem
649 1107 700 1149 res
722 1085 826 1150 omnis
849 1108 917 1150 esse
940 1108 1044 1171 neque
1066 1086 1164 1150 ullam
1275 1085 1341 1167 690

221 1206 291 1257 r'enr
313 1213 420 1255 veram
444 1189 480 1253 in
501 1211 637 1253 numero
659 1212 768 1254 rerum
790 1198 936 1254 constare
958 1192 1021 1256 nisi
1043 1191 1161 1276 ignem,

222 1295 308 1382 quod
331 1293 408 1358 facit
428 1292 482 1356 hic
503 1291 601 1368 idem,
622 1292 819 1377 perdelirum
842 1316 909 1358 esse
932 1294 1070 1361 videtur.

222 1422 300 1465 nam
321 1405 432 1462 contra
454 1416 565 1460 sensus
587 1395 629 1459 ab
651 1395 798 1461 sensibus
819 1396 889 1482 ipse
912 1408 1071 1483 repugnat

223 1512 258 1569 et
278 1501 451 1568 labefactat
473 1521 527 1563 eos
550 1498 636 1564 unde
658 1499 768 1564 omnia
789 1501 912 1566 credita
932 1502 1085 1587 pendent,

224 1607 311 1673 unde
333 1596 387 1669 liic
409 1602 556 1688 cognitus
579 1611 629 1666 est
651 1602 714 1687 ipsi
736 1625 835 1688 quem
856 1605 1004 1669 nominat
1024 1606 1155 1690 ignem;
1275 1608 1337 1690 695

222 1711 324 1777 credit
346 1709 435 1773 enim
456 1729 568 1772 sensus
589 1706 699 1792 ignem
721 1729 909 1792 cognoscere
930 1732 1014 1786 vere,

222 1825 330 1881 cetera
350 1835 416 1877 non
437 1811 548 1889 credit,
570 1833 654 1896 quae
676 1811 743 1876 nilo
765 1813 851 1876 clara
872 1813 980 1878 minus
1001 1823 1086 1880 sunt.

222 1918 310 2006 quod
330 1916 413 1982 mihi
436 1938 510 1980 cum
533 1938 654 1979 vanum
677 1924 750 1980 tum
775 1917 914 1982 delirum
936 1941 1005 1983 esse
1027 1919 1173 1998 videtur;

222 2046 287 2110 quo
309 2021 483 2089 referemus
505 2019 619 2083 eniml
647 2020 726 2104 quid
748 2021 840 2085 nobis
862 2021 981 2086 certius
1001 2021 1080 2107 ipsis

224 2125 370 2193 sensibus
392 2145 460 2188 esse
483 2131 599 2208 potest,
624 2125 681 2209 qui
702 2147 780 2189 vera
801 2148 838 2189 ac
860 2126 941 2190 falsa
962 2131 1136 2192 notemus?
1277 2142 1342 2208 700

223 2240 389 2318 praeterea
412 2250 511 2314 quare
538 2229 709 2314 quisquam
731 2230 835 2314 magis
857 2231 965 2294 omnia
986 2232 1080 2295 tollat

224 2345 258 2402 et
279 2335 359 2401 velit
378 2332 499 2398 ardoris
521 2342 670 2397 naturam
694 2334 841 2418 linquere
863 2334 973 2411 solam,

224 2462 321 2527 quarn
344 2447 444 2524 neget
466 2460 535 2502 esse
557 2437 650 2522 ignis,
677 2439 803 2524 quidvis
825 2447 935 2504 tamen
959 2461 1027 2504 esse
1049 2440 1235 2524 relinquat?

223 2566 328 2629 aequa
348 2542 479 2609 videtur
500 2541 587 2605 enim
610 2541 776 2607 dementia
797 2542 903 2607 dicere
925 2551 1110 2629 utrumque.

267 2648 471 2734 Quapropter
493 2645 550 2729 qui
572 2645 741 2710 materiem
764 2668 872 2710 rerum
896 2667 965 2711 esse
986 2656 1145 2732 putarunt
1277 2665 1337 2731 703

223 2753 334 2836 ignem
356 2757 454 2834 atque
477 2747 608 2832 exigui
631 2770 790 2812 summam
814 2749 988 2814 consistere
1010 2771 1112 2835 posse,

224 2864 258 2921 et
279 2853 337 2940 qni
358 2850 552 2938 principium
575 2850 750 2935 gignundis
772 2873 846 2916 aera
866 2854 963 2917 rebus

167 3040 170 3044 Ι
224 2958 427 3032 constituere,
450 2964 508 3019 aut
530 2977 676 3020 umorem
699 2955 896 3042 quicumque
917 2966 1085 3043 putarunt-

222 3065 344 3149 fingere
367 3083 418 3127 res
441 3061 550 3146 ipsum
572 3082 630 3145 per
652 3083 695 3140 se,
717 3069 877 3126 terramve
899 3085 1006 3127 creare

223 3168 333 3234 omnia
354 3173 389 3231 et
410 3165 446 3233 iu
467 3186 575 3228 rerum
597 3172 731 3228 naturas
753 3165 873 3230 vertier
894 3165 1006 3243 omnis,
1278 3185 1342 3251 710

223 3293 340 3356 magno
363 3291 458 3355 opere
480 3290 500 3331 a
521 3288 595 3332 vero
618 3267 712 3353 longe
736 3269 878 3333 derrasse
899 3269 1058 3334 videntur.

223 3376 306 3441 adde
329 3373 430 3441 etiam
452 3371 509 3459 qui
531 3371 759 3456 conduplicent
781 3372 957 3457 primordia
978 3395 1085 3437 rerum

224 3502 300 3545 aera
321 3479 493 3563 iungentes
514 3475 584 3560 igni
605 3484 791 3563 terramque
812 3476 940 3562 liquori,

225 3591 259 3648 et
281 3582 338 3668 qui
360 3589 514 3666 quattuor
536 3602 576 3643 ex
597 3580 694 3644 rebus
716 3602 808 3665 posse
831 3580 939 3644 omnia
959 3592 1073 3645 rentur

224 3709 264 3752 ex
286 3686 355 3771 igni
378 3693 466 3750 terra
486 3692 585 3769 atque
607 3685 717 3748 anima
738 3705 936 3770 procrescere
958 3693 992 3750 et
1013 3685 1120 3751 imbri.
1280 3703 1340 3771 715

143 3835 145 3839 ψ
223 3812 361 3878 quorum
383 3787 624 3872 Acragantinus
645 3810 721 3852 cum
747 3787 861 3872 primis
882 3787 1095 3873 Empedocles
1118 3797 1176 3868 est,

137 3941 443 3996 mantuanorum.
477 3939 609 3990 Candidus
626 3943 654 3989 at
669 3939 720 3988 end
734 3939 763 3989 of
777 3941 850 3989 Junt.
867 3942 937 3989 ‘clio
952 3953 998 4002 pro
1009 3940 1059 3988 olii
1069 3938 1194 4001 positum.
1228 3941 1346 4003 suntqui

136 4025 368 4091 olialegunt’,i.e.
382 4024 448 4073 Mar.
515 4022 562 4071 683
574 4029 687 4071 crearent
697 4021 789 4070 hamb.
801 4021 859 4070 first
870 4021 910 4070 for
926 4028 1029 4070 crearer.
1096 4021 1145 4072 690
1155 4021 1345 4082 iynechorr.

137 4112 300 4174 foriquem.
399 4107 446 4157 703
458 4105 559 4168 quidvis
570 4103 650 4154 Laoh.
683 4119 802 4152 ramorum
812 4101 1182 4152 NicoandallbeforeLaoh.
1216 4103 1260 4152 AB
1273 4105 1347 4154 Gott.

138 4191 204 4242 omit
221 4191 266 4240 the
284 4187 362 4250 word,
384 4186 469 4236 which
487 4188 558 4234 must
575 4185 607 4235 be
627 4184 770 4234 uncertain.
880 4186 928 4236 700
942 4191 1069 4247 putarunt
1088 4185 1159 4234 Nioc.
1179 4186 1202 4234 B
1222 4201 1287 4235 corr.
1307 4187 1348 4236 for

135 4280 261 4337 potantur
270 4271 301 4329 B,
313 4273 335 4321 A
346 4285 419 4330 corr„
429 4275 523 4332 potant
534 4267 556 4315 A
567 4282 592 4328 p.
605 4282 639 4318 m.
742 4268 790 4317 710
800 4268 893 4316 certior
903 4266 925 4314 B
937 4281 1001 4317 corr.
1013 4266 1083 4316 Nico.
1095 4267 1136 4316 for
1146 4271 1220 4317 certi.

187 4356 234 4408 711
253 4357 323 4416 louye
339 4355 450 4402 necasse
466 4351 525 4400 Vat.
541 4352 614 4408 3275,
631 4349 683 4400 anrl
694 4350 781 4399 unless
792 4350 806 4398 I
817 4364 857 4399 err
869 4350 933 4399 1136
945 4348 1051 4411 Othob.,
1064 4350 1105 4398 for
1117 4352 1185 4412 lorryr'
1197 4351 1308 4400 derrorm
1321 4353 1350 4400 of
