2842 4860
681 254 731 318 VI

127 430 131 442 ‘
189 418 312 505 colligit
334 426 368 482 et
391 440 546 504 magnum
568 438 724 481 conamen
746 415 846 481 sumit
868 415 976 495 eundi,

188 520 263 585 inde
288 521 344 586 ubi
366 544 431 585 non
453 520 562 606 potuit
584 519 687 584 nubes
709 541 822 605 capere
844 519 965 606 inpetis
986 528 1128 597 auctum,

189 626 383 713 exprimitur
404 626 453 690 vis
474 633 572 711 atque
595 624 668 690 ideo
690 625 778 690 volat
799 625 921 711 impete
943 625 1033 703 miro,

188 740 225 796 ut
248 732 363 797 validis
386 754 469 817 quae
492 730 532 796 de
555 729 727 795 tormentis
748 730 846 794 missa
861 731 1024 797 feruntur.

188 836 270 901 adde
293 837 379 922 quod
402 859 420 902 e
442 836 549 923 parvis
571 843 606 900 et
628 835 753 900 levibus
775 842 825 900 est
847 835 1026 912 elementis,

188 963 247 1004 nec
270 940 395 1005 facilest
417 940 477 1004 tali
499 947 634 1003 naturae
658 938 812 1024 opsistere
835 938 1028 1024 quiequam;

189 1043 275 1107 inter
296 1043 383 1108 enirn
406 1043 492 1130 fugit
514 1065 552 1106 ac
573 1049 724 1128 penetrat
746 1064 805 1127 per
826 1065 897 1106 rara
918 1042 1051 1119 viarum,

141 1144 144 1150 ’
191 1169 255 1210 non
277 1146 379 1233 igitur
401 1146 513 1210 multis
536 1145 710 1210 offensibus
731 1145 767 1209 in
789 1146 977 1210 remorando

191 1251 340 1327 haesitat,
363 1250 446 1314 hanc
468 1250 509 1314 ob
531 1271 600 1314 rem
623 1248 719 1314 celeri
741 1249 829 1313 volat
850 1249 972 1336 impete
994 1250 1112 1318 labens.

192 1354 317 1433 deinde,
340 1354 426 1439 quod
448 1353 578 1417 omnino
600 1361 718 1417 natura
739 1352 882 1439 pondera
903 1352 1051 1418 deorsum

193 1458 301 1521 omnia
322 1458 481 1535 nituntur,
504 1479 578 1520 cum
600 1457 727 1543 plagast
749 1456 862 1520 addita
883 1480 966 1535 vero,

191 1560 354 1626 mobilitas
376 1560 562 1646 duplicatur
583 1568 617 1625 et
639 1560 783 1645 impetus
804 1560 860 1626 ille
881 1562 1049 1648 gravescit,

191 1672 229 1728 ut
252 1664 434 1728 vementins
456 1671 491 1728 et
512 1663 609 1728 citius
631 1685 853 1749 quaecumque
876 1672 1044 1729 morantur

192 1768 287 1832 obvia
308 1766 462 1832 discutiat
484 1768 590 1855 plagis
611 1767 773 1854 itinerque
796 1777 956 1854 sequatur.

193 1870 331 1958 denique
355 1871 441 1958 quod
462 1872 558 1958 longo
579 1871 670 1936 venit
692 1871 824 1957 impete,
846 1893 972 1936 sumere
995 1872 1093 1937 debet

189 1974 404 2040 mobilitatem
427 1973 527 2038 etiam
550 1982 648 2059 atque
671 1974 781 2051 etiam,
802 1997 885 2060 quae
908 1975 1021 2040 crescit
1043 1976 1149 2041 eundo

191 2085 226 2141 et
247 2077 370 2142 validas
391 2087 491 2165 auget
513 2077 590 2142 viris
612 2086 646 2143 01
668 2077 797 2143 roborat
818 2078 928 2144 ictum.

191 2203 267 2245 nam
290 2181 367 2246 facit
388 2190 427 2246 ut
449 2204 532 2267 quae
555 2182 622 2246 sint
643 2182 731 2246 illius
753 2181 878 2247 semina
899 2206 1037 2268 cumque

193 2307 211 2349 0
233 2285 363 2373 regione
386 2286 492 2350 locum
515 2285 607 2371 quasi
628 2286 663 2350 in
686 2309 788 2351 unum
811 2295 928 2352 cuncta
948 2290 1101 2367 ferantur,

194 2388 302 2452 omnia
323 2387 483 2453 coniciens
504 2389 539 2452 in
561 2412 636 2454 eum
659 2389 822 2454 volventia
844 2412 979 2454 cursum.

193 2492 326 2556 forsitan
349 2516 388 2557 ex
411 2493 481 2579 ipso
502 2493 636 2558 veniens
658 2494 768 2559 trahat
789 2517 862 2559 aere
885 2494 1044 2580 quaedam

195 2619 326 2683 corpora
348 2620 430 2684 quae
452 2598 556 2685 plagis
577 2597 757 2664 incendunt
777 2599 1001 2665 mobilitatem.

195 2700 428 2787 incolumisque
451 2703 541 2767 venit
563 2725 621 2788 per
642 2725 693 2768 res
714 2711 813 2789 atque
835 2704 963 2792 integra
985 2705 1101 2770 transit

195 2804 308 2882 multa,
331 2805 541 2874 foraminibus
563 2806 705 2891 liquidus
726 2807 803 2891 quia
824 2808 1001 2872 transvolat
1023 2809 1114 2895 ignis.

194 2909 361 2994 multaque
385 2908 564 2996 perfringit,
587 2932 661 2974 oum
683 2932 814 2994 corpora
836 2910 980 2975 fulminis
1002 2911 1073 2997 ipsa

194 3013 378 3099 corporibus
399 3036 506 3078 rerum
529 3013 721 3090 inciderunt,
743 3037 808 3099 qua
830 3022 922 3080 texta
944 3022 1105 3081 tenentur.

195 3117 342 3183 dissoluit
364 3140 457 3203 porro
479 3118 571 3183 facile
594 3140 648 3183 aes
669 3141 849 3204 aurumque
871 3126 1004 3204 repente

196 3221 429 3300 confervefacit‚
453 3244 471 3287 e
493 3222 600 3308 parvis
623 3222 701 3308 quia
721 3224 808 3287 faeta
829 3222 955 3287 minute

197 3328 380 3414 corporibus
402 3327 451 3392 vis
473 3336 523 3393 est
545 3336 580 3393 et
602 3328 727 3394 levibus
749 3351 788 3392 ex
811 3327 989 3405 elementis,

196 3455 278 3518 quae
300 3432 393 3497 facilc
415 3431 622 3496 insinuantur
644 3439 678 3497 et
700 3430 865 3496 insinuata
886 3439 1020 3517 repente

197 3537 374 3602 dissoluont
396 3536 495 3600 nodos
517 3535 621 3600 omnis
643 3544 677 3600 et
699 3535 805 3599 vinela
826 3537 980 3601 relaxant.

196 3651 417 3726 autumnoque
440 3639 544 3728 magis
566 3639 668 3704 stellis
689 3639 890 3727 fulgentibus
911 3648 990 3725 apta

108 3824 494 3889 900111013101111121111.
522 3825 940 3888 peyunrsicncreuntaamb.
970 3827 1018 3877 335
1030 3829 1136 3888 Deinde,
1148 3829 1221 3890 quod.
1248 3830 1320 3879 Adde

110 3911 176 3973 quod
187 3906 267 3958 Lech.
279 3907 364 3957 which
375 3922 458 3957 seems
469 3910 496 3957 to
507 3923 549 3957 me
560 3907 640 3958 mueh
651 3908 750 3958 weaker
761 3908 827 3959 than
838 3908 882 3959 the
893 3923 942 3959 ms.
954 3909 1068 3971 reading.
1162 3910 1210 3960 336
1218 3910 1322 3973 planant

110 3989 191 4041 Iraoh.
203 3990 374 4053 1010109011.
405 3991 486 4052 placo
496 3991 531 4040 cit
542 3990 611 4039 Flor.
624 3992 654 4039 31
667 3990 757 4040 (lamb.
770 3991 805 4040 all
817 3990 902 4041 before
913 3990 994 4041 Lech.
1126 3992 1175 4043 347
1186 3992 1322 4041 incendunt

109 4071 256 4136 Brightly.
290 4074 410 4122 incedent
426 4072 449 4120 A
465 4072 536 4121 Nice.
570 4075 706 4123 intendant
723 4074 788 4123 Mar.
806 4072 864 4122 Ald.
883 4074 897 4121 l
915 4072 989 4123 Junt.
1007 4073 1098 4123 Lamb.
1116 4075 1164 4123 010.
1274 4073 1323 4123 349

111 4155 251 4206 1101000101
267 4153 378 4215 Nauger.
395 4153 464 4215 vulg.
483 4153 523 4203 101
546 4156 680 4204 transviat.
725 4163 833 4204 tremeat
851 4153 905 4204 Gis.
1037 4154 1086 4203 350
1103 4155 1242 4218 0011110011
1258 4154 1324 4204 Mar.

109 4235 168 4287 alu
186 4235 202 4285 1
218 4234 293 4286 June.
310 4235 380 4296 vulg.
397 4234 438 4285 for
450 4237 573 4298 perserpit
589 4235 620 4293 B,
630 4237 735 4299 perficit
747 4236 777 4295 A,
791 4237 916 4299 perfreyit
933 4236 955 4285 A
973 4251 1037 4287 corr.
1055 4236 1092 4287 all
1108 4236 1174 4287 later
1189 4250 1252 4286 mss.
1264 4235 1323 4286 Ver.

110 4319 195 4371 Vena
210 4331 296 4381 comp.
313 4317 362 4368 138
375 4319 536 4380 pastionem
553 4317 575 4366 A
586 4332 651 4367 corr.
665 4318 732 4381 vulg.
740 4320 882 4382 perflnpene
893 4318 923 4380 A,
933 4320 1075 4382 perfricans
1086 4319 1117 4367 B.
1151 4318 1232 4369 Lech.
1248 4317 1325 4380 keeps

105 4402 223 4471 few,
232 4398 318 4451 which
328 4413 378 4452 eun
389 4399 484 4465 hardly
494 4400 525 4450 be
536 4400 615 4465 right.
725 4403 773 4454 357
784 4409 847 4469 opto
859 4401 994 4456 Turnebus
1005 4402 1091 4456 Bentl.
1104 4401 1179 4458 Wek.
1191 4401 1271 4458 Lech.
1283 4401 1325 4457 101
