2842 4860
170 290 231 357 252
747 274 797 337 VI

254 436 417 523 intellegit
438 435 486 501 ibi
507 435 625 500 vitium
648 458 704 500 ves
726 436 850 500 efficere
873 436 980 522 ipsum

254 542 425 627 omniaque
447 540 534 605 illius
556 540 637 605 vitio
659 540 856 625 corrumpier
877 541 966 605 intus

254 666 337 733 quae
360 644 488 709 conlata
508 644 583 708 foris
606 650 639 708 et
662 643 829 707 commoda
850 666 989 729 cumque
1011 645 1181 726 venirent3

254 750 373 837 partim
396 750 481 836 quod
503 749 628 814 fluxum
650 757 884 835 pertusumque
907 772 975 814 esse
998 750 1137 827 videbat,

254 865 293 921 ut
314 857 405 921 nulla
426 862 534 943 posset
556 854 680 920 ratione
703 854 862 940 explerier
884 878 1057 941 umquam3

254 960 374 1047 partim
397 960 482 1046 quod
504 967 609 1023 taetro
631 958 723 1044 quasi
744 981 953 1045 conspurcare
974 982 1086 1045 sapore

255 1065 363 1130 omnia
384 1065 543 1141 cernebat,
566 1086 787 1150 quaecumque
809 1073 982 1151 receperat,
1003 1065 1100 1151 intus,

254 1169 401 1235 veridicis
422 1169 525 1256 igitur
546 1169 698 1256 purgavit
720 1177 850 1254 pectora
871 1168 966 1234 dictis

255 1283 290 1339 et
312 1275 409 1339 finem
431 1273 550 1338 statuit
571 1272 761 1359 cuppedinis
783 1282 882 1359 atque
905 1273 1030 1339 timoris

255 1378 468 1464 exposuitque
489 1377 611 1442 bonum
633 1399 798 1440 summum
822 1400 884 1463 quo
907 1378 1071 1443 tendimus
1093 1401 1205 1443 omnes

256 1481 446 1568 quidforet,
469 1487 567 1566 atque
590 1479 676 1545 viam
699 1481 900 1558 monstravit,
923 1482 1054 1546 tramite
1076 1503 1175 1568 parvo

255 1609 320 1673 qua
340 1607 506 1672 possemus
528 1585 569 1650 ad
591 1585 625 1649 id
647 1592 734 1649 recto
756 1585 949 1650 contendere
972 1609 1075 1664 cursu,

256 1689 374 1776 quidve
397 1689 475 1753 mali
497 1689 579 1753 foret
601 1688 636 1752 in
658 1688 754 1753 rebus
776 1689 959 1754 mortalibu’
981 1690 1108 1776 passim,

257 1792 343 1879 quod
364 1792 457 1856 fieret
479 1791 620 1855 naturali
643 1790 794 1877 varieque
817 1792 940 1857 volaret

256 1919 313 1962 seu
336 1918 411 1960 casu
434 1917 491 1960 seu
513 1893 554 1973 vi,
577 1894 663 1980 quod
685 1894 730 1959 sic
753 1893 871 1959 natura
892 1904 1045 1981 parasset,

256 2009 291 2067 et
313 2000 431 2086 quibus
453 2023 470 2064 e
493 1998 595 2085 portis
616 1998 738 2063 occurri
760 1999 877 2086 cuique
900 2000 1036 2078 deceret,

256 2113 291 2170 et
312 2126 415 2192 genus
437 2103 615 2166 humanum
638 2103 757 2167 frustra
778 2103 968 2189 plerumque
991 2104 1139 2191 probavit

256 2208 383 2274 volvere
406 2230 554 2272 curarum
577 2207 679 2272 tristis
701 2207 736 2271 in
758 2217 888 2294 pectore
911 2209 1036 2274 fluctus.

256 2336 332 2378 nam
355 2311 458 2377 veluti
479 2311 573 2397 pueri
595 2311 761 2397 trepidant
784 2320 882 2398 atque
905 2313 1014 2377 omnia
1035 2313 1137 2379 caecis

257 2415 292 2479 in
314 2413 457 2480 tenebris
478 2420 640 2492 metuunt,
663 2414 708 2478 sic
730 2436 788 2478 nos
809 2414 845 2478 in
867 2415 937 2480 luce
960 2415 1114 2481 timemus

257 2520 432 2598 interdum,
454 2519 520 2584 nilo
543 2541 624 2605 quae
648 2527 725 2584 sunt
747 2521 924 2587 metuenda
945 2521 1049 2609 magis
1071 2544 1170 2608 quam

258 2645 340 2709 quae
363 2621 456 2707 pueri
477 2620 512 2685 in
535 2621 678 2687 tenebris
700 2622 849 2708 pavitant
871 2623 1063 2712 finguntque
1086 2626 1206 2692 futura

258 2727 344 2791 hunc
366 2726 468 2813 igitur
489 2732 644 2790 terrorem
666 2726 767 2790 animi
789 2727 1003 2814 tenebrasque
1025 2738 1188 2795 necessest

258 2854 322 2897 non
344 2830 427 2896 radii
448 2830 523 2895 solis
545 2853 604 2895 nec
627 2830 734 2895 lucida
756 2831 823 2895 tela
845 2831 911 2896 diei

258 2936 443 3012 discutiant,
466 2935 523 3000 sed
545 2942 680 3000 naturae
704 2936 826 3022 species
848 2936 1001 3023 ratioque.

258 3064 321 3127 quo
343 3040 447 3127 magis
468 3039 636 3125 inceptum
657 3063 791 3128 pergam
814 3049 981 3128 pertexere
1004 3042 1107 3109 dictis.

301 3145 346 3209 Et
368 3143 520 3230 quoniam
543 3143 637 3208 docui
659 3144 774 3208 mundi
796 3145 945 3210 mortalia
967 3147 1091 3234 templa

258 3272 326 3314 esse
348 3258 378 3315 et
399 3247 510 3312 nativo
532 3247 705 3312 consistere
728 3231 857 3334 corpore
880 3250 1014 3328 caelum,

170 3457 302 3506 contracte
313 3453 358 3503 the
369 3456 421 3503 two
431 3467 517 3502 verses
528 3451 585 3502 into
597 3467 654 3511 one,
667 3452 729 3503 thus
744 3456 826 3517 Atque
842 3457 954 3506 animum
968 3458 1069 3521 infestis
1080 3461 1136 3521 ooyi
1150 3463 1249 3514 servire
1261 3467 1381 3528 querelis:

170 3540 264 3588 seruire
282 3536 338 3587 also
353 3535 411 3584 Ver.
423 3535 488 3584 Ven.
501 3535 565 3584 Mer.
577 3534 636 3584 Ald.
649 3535 663 3583 1
678 3535 753 3585 Junt.
789 3538 899 3587 Causam
914 3553 980 3601 qaae
996 3539 1092 3592 Avanc.
1101 3541 1225 3605 Nauger.
1242 3545 1285 3595 ior
1300 3549 1382 3599 Peuce

170 3629 254 3684 atque.
349 3618 380 3670 17
391 3633 436 3667 vos
448 3616 512 3669 Mar.
526 3615 585 3666 Ald.
598 3617 612 3664 l
624 3616 698 3666 Junt.
710 3618 751 3666 lor
760 3619 816 3682 for:
914 3621 944 3669 25
956 3623 1105 3684 cuppedinis
1115 3622 1139 3671 A
1149 3622 1258 3691 rightly,
1271 3643 1303 3679 as
1314 3630 1382 3692 v453

172 3702 225 3754 and
242 3715 270 3752 so
287 3700 413 3750 Marullus
429 3699 458 3748 in
471 3714 552 3762 marg.
565 3700 594 3749 of
609 3699 664 3750 eod.
677 3699 772 3752 Victor.
785 3702 905 3766 properly
916 3707 1039 3754 oorreots:
1059 3704 1215 3774 Lactantius
1226 3708 1292 3761 inst.
1305 3727 1344 3762 vn
1354 3713 1382 3765 u

171 3785 221 3837 has
245 3785 390 3848 torpedinis,
415 3783 483 3832 from
505 3782 591 3833 whom
618 3783 683 3832 Mar.
707 3783 832 3847 probably
853 3787 898 3846 got
920 3785 962 3834 his
985 3787 1041 3837 first
1063 3772 1383 3860 notion‘mentioned'by

172 3862 306 3915 Gilanius:
324 3878 366 3913 see
377 3879 403 3912 n.
416 3865 443 3912 to
455 3877 488 3911 111
499 3864 562 3914 994:
579 3863 668 3912 unless
679 3861 713 3912 he
724 3863 813 3914 rather
824 3865 899 3915 when
910 3881 997 3930 young
1008 3867 1111 3920 derived
1121 3869 1143 3920 it
1153 3871 1223 3922 from
1234 3873 1279 3924 his
1290 3881 1384 3928 master

172 3945 306 3995 Pontenus
318 3943 376 3994 who
387 3943 519 4006 expressly
529 3948 605 3994 notes
619 3948 769 4008 ‘torpedinis
781 3948 820 3996 est
832 3948 902 4010 apud
912 3949 1101 4000 Lactantium’.
1237 3958 1269 4010 27
1286 3961 1382 4010 mamito

169 4043 257 4091 parvo.
292 4028 392 4076 tramite
403 4042 483 4090 prono
494 4027 586 4077 Lamb.
597 4029 677 4077 limite
689 4044 769 4092 prono
782 4029 855 4080 Junt.
868 4032 1022 4096 apparently
1032 4034 1099 4084 after
1108 4034 1265 4089 Lactantius
1278 4040 1342 4093 inst.
1350 4055 1383 4092 vu

172 4111 212 4161 27.
245 4107 326 4158 Laoh.
338 4107 435 4171 rightly
445 4109 515 4172 joins
527 4112 627 4159 tramite
637 4125 716 4172 parvo
728 4110 791 4159 with
801 4110 871 4171 what
882 4113 989 4163 follows.
1076 4118 1380 4176 momentarium

171 4192 242 4243 Flor.
253 4193 285 4242 31
298 4192 386 4242 (lamb.
399 4192 469 4242 Mon.
481 4192 602 4242 Lactant.
614 4193 654 4242 for
665 4201 743 4243 rectu.
833 4197 866 4246 30
876 4198 952 4260 fieret
965 4198 1017 4248 Iao.
1031 4199 1122 4250 Susius
1133 4201 1162 4250 in
1175 4201 1294 4268 Tanton,
1306 4207 1379 4260 Laeli.

172 4276 213 4326 for
224 4275 316 4338 suerit.
351 4275 443 4336 flueret
460 4274 526 4324 Mar.
538 4273 709 4325 Alleunt.
721 4277 789 4339 vulg.
822 4281 946 4329 naturali.
980 4285 1127 4333 nuturuevi
1142 4283 1238 4337 Lamb.
1271 4272 1383 4344 memoli

171 4355 462 4418 uirosiqueMar.Ald.
476 4356 489 4404 1
502 4356 575 4406 Junt.
675 4358 706 4406 31
717 4374 785 4408 cusu.
820 4361 988 4412 causahaeh.
1071 4366 1103 4414 32
1119 4367 1263 4432 thuituu
1272 4371 1382 4426 moazi

174 4439 263 4491 Gamb.
276 4437 352 4490 Pont.
365 4438 431 4490 Mar.
443 4438 483 4488 tor
495 4441 519 4488 Ε
535 4440 633 4506 quibua
700 4440 732 4492 34
746 4441 846 4493 Volvere
858 4441 916 4495 Ver.
929 4443 994 4495 Ven.
1006 4444 1071 4498 Mar.
1083 4446 1125 4499 lor
1137 4448 1254 4509 Volnera.
1321 4456 1385 4513 44ae
