2842 4860
102 268 167 335 250
698 254 728 317 V

188 425 223 483 et
245 425 335 483 certa
355 418 481 483 ratione
503 418 574 505 geri
595 441 664 483 rem
687 426 785 504 atque
807 417 918 483 ordine
941 425 1035 484 certe.

231 522 302 587 Iam
324 522 440 588 validis
462 523 568 610 saepti
589 523 753 610 degebant
775 523 919 589 turribus
941 546 1054 588 aevom

188 634 223 692 et
245 627 348 692 divisa
369 627 535 693 colebatur
557 626 759 714 discretaque
781 628 887 704 tellus,

187 731 254 796 iam
275 753 363 796 mare
385 731 530 796 velivolis
553 731 688 796 florebat
711 731 896 818 puppibus;
925 730 1022 796 urbes

187 836 310 901 auxilia
331 859 368 902 ac
390 836 491 902 socios
512 836 578 902 iam
600 844 696 922 paeto
718 836 845 902 foedere
868 836 1042 916 habebant,

188 939 383 1005 carminibus
406 963 480 1005 cum
502 963 553 1005 res
575 948 683 1028 gestas
705 963 838 1027 coepere
859 948 975 1027 poetae

188 1042 333 1122 tradere;
361 1066 421 1108 nec
443 1043 547 1108 multo
569 1043 652 1129 priu'
674 1052 752 1109 sunt
774 1045 936 1109 elementa
957 1051 1093 1130 reperta

188 1155 360 1233 propterea
382 1146 461 1232 quid
482 1145 527 1210 sit
549 1146 639 1232 prius
661 1153 771 1212 actum
793 1147 951 1233 respicere
973 1155 1064 1213 aetas

188 1258 298 1316 nostra
319 1250 442 1336 nequit,
464 1250 527 1315 nisi
549 1273 615 1337 qua
635 1250 719 1315 ratio
741 1251 880 1338 vestigia
900 1258 1067 1317 monstrat

232 1354 375 1442 Navigia
395 1362 495 1440 atque
517 1355 587 1442 agri
609 1356 753 1420 culturas
775 1356 903 1421 moenia
924 1356 1012 1443 leges

188 1479 279 1522 arma
299 1457 367 1522 vias
389 1466 495 1523 vestes
518 1467 547 1525 et
568 1465 676 1523 cetera
696 1458 737 1523 de
759 1481 877 1544 genere
899 1458 1023 1535 horum,

187 1561 339 1647 praemia,
361 1561 491 1626 delicias
514 1585 641 1648 quoque
664 1561 750 1626 vitae
774 1562 921 1627 funditus
944 1562 1056 1638 omnis,

188 1663 330 1728 carmina
351 1663 502 1749 picturae,
525 1671 559 1728 et
581 1663 717 1729 daedala
738 1664 831 1750 signa
851 1664 961 1750 polire,

188 1790 266 1832 usus
288 1774 322 1832 et
344 1767 502 1855 impigrae
524 1768 621 1832 simul
644 1768 846 1855 experientia
866 1767 986 1833 mentis

188 1872 350 1957 paulatim
370 1872 481 1937 docuit
501 1872 716 1958 pedetemtim
738 1872 981 1960 progredientia

188 1978 234 2042 sic
256 1975 513 2062 unumquicquid
534 1976 694 2062 paulatim
716 1976 876 2062 protrahit
898 1983 988 2040 aetas

188 2082 224 2152 in
245 2080 390 2145 medium
412 2080 558 2165 ratioque
581 2080 616 2144 in
637 2079 770 2144 luminis
793 2079 890 2166 erigit
912 2102 989 2145 oras.

189 2206 328 2269 namque
351 2182 417 2247 alid
440 2205 479 2247 ex
502 2181 565 2246 alio
588 2183 759 2247 clarescere
782 2189 816 2245 et
838 2180 949 2245 ordine
971 2181 1071 2246 debet

188 2287 320 2363 artibus,
343 2286 385 2350 ad
407 2308 571 2350 summum
593 2285 694 2350 donec
716 2308 832 2350 venere
855 2308 1016 2351 cacumen

101 2479 148 2526 out
159 2476 226 2526 after
236 2489 273 2525 m:
291 2483 315 2525 et
326 2473 350 2523 is
361 2473 445 2524 added
455 2473 490 2536 hy
501 2473 568 2523 Mar.
579 2473 637 2523 Ald.
651 2474 665 2521 l
677 2473 752 2522 Junt.
764 2471 856 2522 hamb.
866 2472 936 2535 vulg.
963 2474 1088 2524 versetlll’
1100 2473 1185 2525 Laoh.
1254 2475 1314 2524 1442

102 2560 159 2608 Iam
169 2557 248 2608 Lach.
260 2557 300 2605 for
312 2558 382 2606 Tam.
419 2564 522 2619 propser
533 2557 619 2606 odores
630 2554 667 2605 all
677 2569 739 2604 mss.
751 2553 836 2603 which
847 2554 923 2604 Walr.
936 2553 1060 2618 absurdly
1070 2555 1189 2606 defends,
1224 2559 1315 2622 pappi-

103 2643 146 2690 has
159 2639 285 2706 (pepplb.)
295 2649 319 2690 et
329 2655 368 2689 res
379 2638 459 2689 Laoh.
490 2640 616 2702 prsppihrrr
627 2636 650 2686 is
662 2635 881 2699 unquestionahly
888 2636 958 2699 right
964 2656 972 2698 ;
988 2636 1081 2687 batres
1093 2651 1204 2700 appears
1212 2642 1315 2701 anauga

101 2722 212 2772 without
231 2736 282 2785 any
298 2720 410 2784 epithet3
432 2721 445 2769 1
461 2719 528 2770 have
544 2720 647 2769 written
667 2717 795 2768 therefore
810 2721 936 2782 puppibus
942 2736 953 2776 ,·
971 2721 1051 2768 arbes.
1087 2721 1151 2769 Tem
1167 2736 1237 2770 arere
1256 2722 1316 2771 vell·

101 2809 184 2856 volem
194 2807 302 2870 florebat
318 2803 420 2854 recibe’
434 2805 529 2866 pandis
545 2803 620 2852 Junt.
634 2802 689 2867 (not
700 2801 778 2850 Pont.
796 2815 825 2849 or
842 2801 917 2865 Mar.)
935 2800 1028 2851 Lamb.
1040 2803 1088 2850 etc.
1106 2800 1235 2866 probably
1251 2804 1316 2854 after

103 2888 215 2940 Servius.
315 2887 378 2939 1449
395 2895 419 2937 el
435 2885 518 2936 added
533 2885 568 2949 by
578 2884 649 2935 Flor.
661 2885 693 2934 31
707 2884 796 2934 (lamb.
896 2884 959 2933 1451
973 2885 1056 2948 polire
1068 2884 1139 2934 Flor.
1151 2886 1184 2934 31
1197 2884 1257 2937 Vat.
1269 2887 1316 2938 640

103 2971 196 3023 Urbin.
209 2970 261 3022 and
274 2971 337 3022 1954
349 2970 444 3021 Othob.
458 2970 523 3019 Mar.
535 2969 593 3019 Ald.
607 2969 620 3017 1
633 2969 706 3018 Junt.
719 2968 811 3018 Lamb.
823 2967 903 3020 Lech.
915 2968 955 3018 sor
963 2969 1052 3031 polito.
1153 2969 1219 3020 1455
1230 2973 1315 3032 eripit.

102 3058 169 3106 errrlt
180 3054 253 3103 Junt.
267 3056 324 3116 (not
335 3053 411 3103 Pont.
423 3067 452 3100 or
467 3052 544 3114 Mar.)
556 3050 648 3100 Lamb.
662 3053 710 3100 etc.
722 3050 844 3113 wrongly.
967 3049 1030 3100 1456
1046 3051 1183 3100 clarescere
1194 3059 1219 3102 et
1229 3054 1316 3104 ordine

103 3139 173 3187 dehet
190 3133 240 3185 Ed.
259 3136 299 3185 for
316 3136 449 3185 clarescere
468 3135 540 3184 eorde
559 3134 692 3183 videbant:
713 3147 762 3183 one
779 3149 791 3182 e
808 3146 860 3182 was
880 3131 1005 3182 absorbed
1025 3131 1059 3195 by
1074 3131 1119 3182 the
1139 3132 1231 3194 othon
1254 3133 1316 3186 then

30 3277 33 3282 ,
103 3220 202 3271 cordiae
219 3219 289 3268 dehet
307 3217 401 3280 passed
418 3217 476 3267 into
493 3219 566 3266 corde
584 3217 711 3266 videbant.
744 3217 878 3266 clarescere
894 3217 1054 3266 emereatetel
1072 3214 1153 3266 Lech.
1172 3216 1232 3268 who
1250 3217 1317 3282 joins

103 3302 206 3351 Artibus
216 3299 280 3350 with
290 3314 384 3350 venere.
