2820 4836
643 265 693 330 IV

149 448 224 490 curn
246 448 321 491 vero
344 427 492 495 deorsum
514 450 572 514 per
593 427 701 492 fauces
722 426 958 515 praecipitavit,

149 530 239 594 nulla
260 530 410 616 voluptas
431 538 491 609 est,
512 531 590 596 dum
613 531 737 596 diditur
758 531 862 597 omnis
883 532 918 596 in
940 541 1037 602 artus.

148 657 208 700 nec
229 637 328 701 refert
350 636 522 722 quicquam
545 659 607 722 quo
629 636 718 701 victu
740 659 854 723 co1pus
875 637 990 716 alatur,
1205 639 1270 720 630

148 737 322 803 dummodo
344 738 430 825 quod
451 739 558 824 capias
580 747 767 804 concoctum
789 739 899 804 didere
921 738 1023 825 possis
1044 802 1050 812 ,

148 843 283 907 artubus
306 851 339 907 et
362 842 519 907 stomachi
540 842 724 908 umidulum
745 865 871 908 servare
894 849 1048 908 tenorem.

192 945 290 1010 Nunc
312 945 384 1010 aliis
405 946 488 1012 alius
510 946 566 1032 qui
588 946 631 1010 sit
653 946 736 1012 cibu'
758 946 866 1012 suavis
888 954 923 1012 et
944 946 1050 1012 almus

149 1050 328 1134 expediam,
349 1074 497 1138 quareve,
519 1051 590 1117 aliis
612 1053 697 1138 quod
719 1052 813 1117 triste
835 1063 870 1117 et
891 1058 1078 1130 amarumst,

149 1154 208 1218 hoe
230 1163 341 1220 tamen
364 1178 431 1220 esse
454 1155 526 1221 aliis
547 1156 648 1242 possit
669 1156 820 1243 perdulce
842 1155 953 1233 videri,
1205 1156 1267 1236 635

149 1266 305 1345 tantaque
327 1260 363 1324 a'a
384 1259 435 1324 his
456 1260 553 1325 rebus
575 1259 731 1324 distantia
752 1259 982 1346 differitasque,

148 1369 187 1425 ut
209 1363 295 1448 quod
316 1363 361 1427 ali
382 1363 473 1428 cibus
495 1371 544 1428 est
566 1362 638 1428 aliis
660 1364 730 1428 fuat
752 1386 823 1429 acre
846 1386 1017 1442 venenum,

148 1472 303 1551 extetque
324 1473 363 1530 ut
385 1489 524 1552 serpens,
546 1465 686 1530 hominis
708 1489 790 1552 quae
812 1474 901 1531 tacta
922 1465 1030 1532 salivis

147 1568 282 1655 disperit
303 1593 340 1635 ac
362 1592 430 1635 sese
452 1570 634 1635 mandendo
656 1569 785 1635 conficit
806 1569 884 1656 ipsa

148 1682 315 1759 praeterea
336 1673 429 1739 nobis
450 1682 614 1739 veratrum
636 1682 686 1739 est
708 1696 779 1739 acre
801 1696 972 1753 venenum,

147 1785 183 1841 at
205 1777 308 1863 capris
329 1778 440 1864 adipes
462 1786 496 1843 et
518 1777 735 1845 coturnicibus
756 1785 864 1864 auget.

147 1888 186 1945 ut
208 1881 326 1968 quibus
346 1882 382 1948 id
402 1882 462 1946 fiat
483 1881 579 1947 rebus
601 1904 787 1969 cognoscere
809 1881 918 1968 possis,

148 1986 305 2073 principio
326 1987 510 2052 meminisse
533 1987 626 2053 decet
648 2010 730 2073 quae
752 1987 893 2053 diximus
915 1995 1001 2066 ante,

149 2091 272 2155 semina
293 2091 494 2156 multimodis
515 2091 550 2154 in
572 2091 668 2156 rebus
688 2090 793 2155 mixta
813 2090 925 2156 teneri.

67 2251 71 2256 Α
148 2217 240 2280 porro
262 2218 373 2259 omnes
395 2217 616 2280 quaecumque
638 2194 747 2258 cibum
769 2194 903 2280 capiunt
924 2194 1114 2272 animantes,

147 2308 186 2365 ut
207 2309 283 2365 sunt
306 2300 476 2366 dissimiles
498 2300 695 2365 extrinsecus
717 2308 750 2364 et
772 2299 952 2388 generatim

148 2406 271 2470 extima
291 2406 508 2471 membrorum
530 2405 780 2470 circumcaesura
801 2412 939 2495 coercet,

148 2509 281 2594 proinde
303 2518 337 2575 et
359 2510 536 2575 seminibus
557 2517 705 2574 constant
728 2508 873 2574 variante
895 2510 1005 2596 figura

148 2613 271 2678 semina
293 2637 367 2679 cum
389 2637 482 2700 porro
503 2614 634 2691 distent,
657 2613 785 2678 differre
806 2621 967 2678 necessest

146 2717 318 2782 intervalla
339 2717 478 2803 viasque,
501 2716 657 2782 foramina
678 2739 759 2802 quae
782 2716 997 2802 perhibemus,

147 2821 296 2887 omnibus
317 2822 352 2887 in
374 2821 527 2886 membris
549 2820 639 2886 etin
661 2843 714 2886 ore
736 2820 869 2907 ipsoque
891 2820 1007 2906 palato.

147 2950 215 2992 esse
237 2927 362 2992 minora
382 2927 484 3014 igitur
505 2925 663 3013 quaedam
684 2925 869 3012 maioraque
890 2925 1020 3003 debent,

147 3055 215 3097 esse
237 3032 397 3118 triquetra
417 3032 498 3110 aliis,
519 3032 591 3097 aliis
613 3032 771 3118 quadrata
791 3039 961 3111 necessest,

147 3139 253 3204 multa
274 3139 424 3214 rutunda,
448 3138 551 3203 modis
573 3139 686 3203 multis
707 3138 911 3224 multangula
933 3135 1099 3223 quaedum.

147 3266 287 3330 namque
309 3243 486 3330 figurarum
508 3242 590 3307 ratio
612 3250 651 3307 ut
673 3251 844 3329 motusque
866 3248 1047 3327 reposcunt,
1202 3237 1264 3320 655

147 3349 280 3437 proinde
303 3349 512 3414 foraminibus
534 3348 654 3413 debent
676 3347 803 3412 differre
826 3345 957 3431 figurae,

59 3521 140 3571 Laoh.
152 3535 186 3571 an
197 3520 307 3582 elegant,
319 3519 367 3569 but
378 3517 536 3568 notIthinh
547 3532 690 3580 necessary,
705 3515 812 3578 change.
919 3514 967 3565 627
978 3515 1042 3577 fiae.
1075 3513 1163 3576 tofina
1174 3510 1266 3561 Lamb.

59 3603 109 3651 etc.
122 3602 244 3664 Wrongly.
352 3601 399 3650 631
413 3602 495 3662 porois
507 3599 577 3650 Flor.
592 3600 622 3648 31
636 3598 726 3647 (lamb.
738 3597 810 3646 Mon.
823 3596 882 3645 Ver.
894 3595 958 3644 Ven.
970 3594 1010 3643 lor
1017 3609 1109 3656 posaeo.
1218 3592 1267 3642 632

58 3684 200 3731 umidulum
215 3682 295 3731 Lach.
308 3680 348 3730 lor
363 3682 483 3730 umidum.
519 3683 657 3730 humectam
674 3680 749 3728 Pont.
763 3679 828 3728 Mar.
839 3676 922 3727 Aldl
939 3676 1013 3727 Junt.
1026 3675 1095 3737 vulg.
1218 3674 1266 3725 633

59 3764 126 3814 cibu’
143 3763 228 3812 roccis
246 3770 271 3812 et
287 3764 367 3812 almus
384 3761 433 3814 Ed.
449 3763 489 3811 for
500 3764 569 3811 cibus
580 3769 609 3811 ct
620 3763 764 3811 videamus:
782 3774 823 3810 see
835 3757 924 3808 (lamb.
937 3757 1029 3806 Journ.
1041 3756 1070 3806 ol
1082 3754 1147 3818 phil.
1159 3769 1170 3804 1
1180 3769 1207 3818 p.
1219 3754 1267 3805 41:

59 3847 102 3896 for
112 3848 193 3896 almus
204 3845 316 3909 perhaps
328 3853 402 3908 optus
414 3844 477 3894 with
488 3845 568 3896 Lach.
605 3847 675 3894 cibos
687 3846 776 3894 unicae
788 3850 863 3907 optus
874 3840 968 3900 Lach.;
985 3840 1033 3890 but
1048 3842 1137 3890 urricus
1148 3838 1171 3888 is
1181 3841 1229 3888 not
1240 3841 1269 3889 at

60 3930 97 3980 all
108 3928 281 3992 appropriate.
394 3929 442 3978 636
459 3930 488 3977 in
500 3926 582 3976 added
592 3926 627 3989 by
637 3926 738 3976 Nonius
749 3940 775 3988 p.
788 3926 828 3984 95,
841 3923 894 3974 and
905 3930 941 3974 ert
952 3925 979 3972 at
991 3920 1042 3971 end
1053 3921 1082 3971 ol
1091 3935 1162 3970 verse
1172 3918 1270 3982 rightly

61 4026 113 4063 om.
127 4010 161 4073 by
172 4010 218 4060 the
229 4024 308 4060 same.
421 4009 469 4060 637
487 4006 752 4057 aliLaoh.foroliir.
862 4005 910 4054 636
926 4005 1053 4065 Eatetque
1064 4009 1202 4064 utscrpcm
1217 3999 1268 4050 Ed.

60 4098 102 4148 for
112 4100 162 4147 Eat
178 4099 266 4158 itaque
283 4101 442 4156 atrapens:
460 4106 487 4141 vr
503 4091 552 4141 690
566 4093 627 4140 Fert
641 4092 711 4153 itque
727 4101 790 4138 mss.
802 4087 914 4137 forFert
924 4087 1020 4149 itaque.
1053 4087 1103 4134 Est
1119 4085 1222 4146 aliquae
1239 4089 1269 4131 ut

61 4194 160 4242 serpena
171 4175 251 4226 Laoh.
286 4179 335 4224 Eat
345 4178 433 4237 utique
444 4182 474 4224 ut
490 4189 510 4224 a.
523 4172 588 4222 Mar.
601 4172 675 4221 Junt.
687 4171 780 4220 Lamb.
792 4170 833 4220 ed.
844 4171 869 4220 3.
904 4169 984 4232 Saepe
997 4170 1089 4218 etenim
1104 4183 1124 4216 s.
1136 4164 1269 4216 ed.1and

61 4265 86 4311 2.
196 4260 242 4309 641
261 4265 357 4308 cotnra.
369 4265 479 4307 coctura.
491 4256 521 4305 A.
555 4257 621 4318 quod
633 4263 699 4304 tura.
711 4255 742 4303 Β.
845 4253 893 4303 642
913 4254 946 4302 Ut
957 4253 1046 4315 quibua
1057 4252 1086 4300 id
1096 4248 1188 4298 Lamb.
1200 4247 1268 4298 ed.2

61 4344 114 4394 and
131 4344 146 4392 3
164 4343 349 4403 lorquutbas
360 4347 398 4388 at.
497 4338 546 4388 648
563 4345 596 4386 et.
629 4353 660 4387 ea
673 4337 743 4385 Mon.
754 4336 828 4385 June.
839 4335 932 4386 Lamb.
947 4334 985 4385 ed.
1001 4334 1015 4382 1
1029 4332 1082 4384 and
1093 4335 1116 4391 2,
1128 4330 1209 4380 Laoh.
1221 4330 1269 4381 but

60 4426 162 4477 etMar.
197 4418 1065 4484 cantuarconcatefiparohach.forcoactantoorioatquefipara.
1094 4415 1267 4464 1110100100νί-

1358 4532 1380 4565 1
