2842 4860
691 231 722 294 V

187 401 261 480 post
283 392 341 457 ubi
363 415 456 457 ecum
478 390 603 457 validae
626 391 709 456 vires
730 400 840 456 aetate
862 402 993 458 senecta

188 495 397 580 membraque
420 494 576 559 deficiunt
598 493 738 580 fugienti
760 495 915 585 languida
935 496 1012 573 vita,
1050 555 1051 559 ,

188 606 260 661 tum
283 598 415 662 demum
437 620 537 682 puero
559 597 608 661 illi
629 619 708 661 aevo
730 598 864 662 florente
886 598 1036 664 iuventas

189 702 306 787 occipit
329 709 363 766 et
385 701 475 765 molli
497 701 596 765 vestit
619 701 772 787 lanugine
795 702 903 766 malas.

188 829 229 870 ne
252 807 333 870 forte
357 828 396 869 ex
419 805 548 869 homine
572 814 605 869 et
627 805 772 869 veterino
794 806 916 869 semine
939 829 1095 892 equorum

189 910 318 973 confieri
341 911 450 975 credas
474 910 652 976 Centauros
674 933 765 995 posse
788 933 893 995 neque
916 933 992 987 esse,

188 1020 247 1076 aut
269 1013 389 1077 rabidis
411 1013 544 1078 canibus
566 1014 744 1077 succinctas
766 1013 979 1078 semimarinis

188 1116 372 1201 corporibus
396 1117 517 1202 Scyllas
540 1125 574 1180 et
596 1125 704 1181 cetera
725 1117 765 1180 de
787 1139 904 1203 genere
927 1117 1050 1195 horum,

189 1218 275 1283 inter
296 1243 330 1283 se
353 1243 489 1305 quorum
512 1220 669 1284 discordia
690 1222 835 1284 membra
856 1220 1023 1300 videmus3

187 1346 271 1408 quae
293 1347 398 1410 neque
420 1324 592 1388 florescunt
614 1324 736 1409 pariter
758 1347 818 1388 nec
839 1325 953 1389 robora
974 1333 1109 1389 sumunt

189 1428 372 1512 corporibus
394 1450 499 1514 neque
522 1429 683 1513 proiciunt
705 1437 813 1493 aetate
836 1437 966 1494 senecta

189 1553 248 1594 nec
270 1530 368 1596 simili
390 1533 516 1596 Venere
538 1532 710 1596 ardescunt
732 1554 791 1596 nec
814 1531 956 1596 moribus
978 1533 1051 1597 unis

190 1634 394 1712 conveniunt,
417 1658 522 1720 neque
544 1643 622 1699 sunt
644 1635 757 1699 eadem
780 1635 922 1699 iucunda
943 1658 1001 1721 per
1022 1645 1119 1704 artus.

189 1737 309 1823 quippe
331 1740 440 1803 videre
462 1740 538 1804 licet
561 1741 769 1826 pinguescere
791 1763 887 1826 saepe
910 1741 1017 1805 cicuta

187 1841 371 1928 barbigeras
393 1844 540 1927 pecudes,
563 1842 686 1906 homini
708 1865 790 1928 quae
813 1851 863 1906 est
886 1840 957 1906 acre
980 1865 1148 1908 vencnum.

188 1944 319 2009 flamma
341 1947 472 2032 quidem
494 1940 565 2013 uero
586 1970 660 2011 eum
682 1934 813 2032 corpora
835 1948 924 2011 fulva
946 1948 1076 2012 leonum

189 2057 257 2113 tam
280 2051 381 2115 soleat
403 2059 523 2116 torrere
545 2060 643 2138 atque
666 2075 758 2116 urere
782 2075 879 2138 quam
901 2075 1004 2139 genus
1027 2076 1121 2117 omne

189 2154 317 2219 visceris
339 2155 375 2219 in
396 2155 490 2220 terris
513 2156 737 2241 quodcumque
760 2165 794 2220 et
816 2155 981 2242 sanguinis
1004 2164 1104 2234 extet,

191 2258 247 2343 qui
269 2259 339 2322 fieri
361 2259 478 2344 potuit,
501 2259 622 2345 triplici
643 2283 717 2323 cum
740 2282 869 2344 corpore
893 2268 931 2323 ut
953 2282 1026 2336 una,

190 2363 295 2448 prima
317 2364 374 2440 leo,
397 2371 560 2449 postrema
581 2363 683 2438 draco
705 2363 813 2427 media
834 2363 912 2448 ipsa,
937 2363 1109 2429 Chimaera

190 2488 243 2530 ore
266 2468 348 2531 foras
371 2489 476 2530 aerem
492 2466 584 2530 flaret
606 2467 647 2531 de
670 2489 798 2552 corpore
822 2466 1011 2533 flammam?

191 2591 289 2653 quare
312 2569 411 2633 ctiam
434 2569 551 2633 tellure
573 2591 656 2633 nova
677 2569 829 2654 caeloque
852 2557 975 2633 recenti

190 2672 269 2736 talia
291 2672 347 2757 qui
369 2671 464 2758 fingit
486 2673 629 2758 potuisse
651 2672 805 2736 animalia
825 2672 924 2759 gigni,

190 2775 285 2838 nixus
307 2775 343 2839 in
364 2775 425 2840 hoc
447 2799 511 2839 uno
534 2775 688 2839 novitatis
710 2776 840 2840 nomine
862 2776 960 2853 inani,

190 2879 295 2943 multa
316 2878 392 2943 licet
414 2879 513 2943 simili
534 2879 658 2943 ratione
681 2879 811 2944 effutiat
833 2903 895 2956 ore,

190 3005 288 3047 aurea
309 2991 381 3046 tum
404 2983 491 3048 dicat
513 3006 570 3068 per
592 2991 693 3048 terras
715 2984 852 3049 flumina
873 2986 970 3071 vulgo

190 3087 320 3151 fluxisse
343 3095 377 3150 et
398 3087 536 3173 gemmis
558 3087 669 3151 florere
692 3088 824 3152 arbusta
845 3088 954 3152 sudsse

191 3199 249 3256 aut
271 3191 436 3255 hominem
458 3199 551 3255 tanto
574 3192 791 3254 membrorum
813 3214 881 3255 esse
903 3192 1025 3276 impete
1048 3199 1171 3269 natum,

192 3304 280 3360 trans
303 3296 405 3360 maria
426 3296 494 3360 alta
515 3296 636 3381 pedum
658 3295 747 3359 nisus
769 3303 808 3359 ut
829 3317 947 3380 ponere
969 3303 1077 3380 posset

191 3406 225 3463 et
247 3399 396 3463 manibus
418 3407 526 3462 totum
549 3399 668 3462 circum
691 3421 725 3462 se
748 3406 872 3461 vertere
895 3399 1028 3462 caelum.
1247 3413 1309 3481 915

190 3525 266 3566 nam
289 3502 374 3589 quod
396 3502 502 3566 multa
523 3503 612 3565 fuere
635 3500 670 3565 in
693 3502 787 3566 terris
809 3501 934 3565 semina
955 3524 1062 3565 rerum
1156 3532 1158 3537 ·

103 3726 173 3777 Flor.
186 3728 217 3776 31
230 3725 320 3776 (lamb.
428 3728 476 3777 885
488 3728 615 3776 luctamen
625 3725 694 3774 Flor.
707 3725 739 3774 31
751 3724 822 3774 Mon.
835 3724 893 3774 Ver.
906 3724 969 3772 Ven.
982 3722 1023 3772 for
1034 3725 1168 3772 laetantia.
1202 3730 1312 3785 quaeret.

103 3811 205 3872 quaerit
216 3809 287 3858 Mon.
300 3809 375 3858 Pont.
388 3808 446 3857 Ald.
459 3810 473 3857 l
485 3809 559 3857 Junt.
571 3807 662 3856 Lamb.
772 3809 820 3855 888
833 3822 912 3870 puero
924 3808 967 3856 illi
977 3805 1026 3855 Ed.
1039 3805 1079 3854 for
1091 3807 1196 3868 puerili.
1226 3809 1314 3869 puerit

102 3892 200 3940 Avanc.
212 3889 305 3940 Lamb.
316 3891 396 3941 Lech.
407 3909 415 3952 ;
431 3889 544 3953 perhaps
554 3889 630 3938 Luor.
643 3891 721 3938 wrote
729 3905 808 3952 puero
821 3891 850 3938 li.
975 3889 1024 3938 889
1037 3889 1137 3951 Oeeipit
1148 3887 1214 3936 Mar.
1226 3887 1285 3936 Ald.
1299 3888 1314 3936 1

103 3966 177 4024 J'unt.
190 3972 230 4022 for
243 3974 334 4035 officit.
458 3973 506 4023 892
518 3972 616 4020 rabidis
627 3970 719 4020 Heins.
732 3970 760 4019 in
772 3985 821 4019 ms.
834 3972 915 4029 notes,
928 3969 980 4018 and
991 3969 1077 4018 Bentl.
1089 3969 1129 4018 for
1139 3969 1253 4032 rapidis:
1272 3983 1315 4019 see

103 4056 201 4107 1v712.
299 4055 348 4106 896
355 4055 487 4118 proiciunt
498 4052 590 4102 Lamb.
602 4052 630 4102 in
642 4059 717 4103 notes
728 4055 756 4102 to
768 4051 807 4102 ed.
820 4054 835 4101 2
847 4052 901 4103 and
911 4051 939 4100 in
951 4050 990 4101 ed.
1003 4053 1027 4109 3,
1040 4051 1107 4100 after
1118 4050 1261 4111 Turnebus¹
1274 4050 1316 4100 for

99 4139 247 4201 proficiunt.
378 4137 426 4188 901
436 4151 495 4186 vero
506 4134 590 4187 added
600 4135 635 4200 by
645 4135 703 4186 Ald.
716 4136 731 4184 1
743 4135 817 4185 Junt.
831 4135 887 4200 (not
898 4135 975 4185 Pont.
987 4149 1017 4183 or
1032 4132 1107 4196 Mar.)
1120 4132 1188 4194 vulg.
1201 4133 1316 4194 Denique

97 4216 253 4282 fipIraeh,
286 4219 383 4280 Ardua,
397 4219 477 4282 lynea
487 4216 584 4267 others.
697 4217 745 4269 904
756 4224 786 4277 ut
796 4231 850 4266 urta
860 4215 931 4266 Brix.
943 4215 1019 4265 Pont.
1032 4215 1129 4263 Avanc.
1141 4212 1182 4262 for
1191 4221 1221 4263 ut
1231 4229 1316 4263 unam.

103 4302 193 4351 iuncto
210 4300 275 4351 Mer.
292 4299 368 4349 Junt.
483 4299 532 4350 900
544 4302 617 4364 foras
633 4299 744 4362 Nauger.
761 4298 802 4348 for
812 4292 893 4362 seraa
931 4299 1008 4361 feroc
1025 4296 1101 4346 Pont.
1119 4295 1193 4344 Junt.
1229 4296 1317 4359 jocor

103 4382 171 4435 Mer.
276 4381 325 4432 914
337 4396 430 4445 ponere
446 4380 468 4431 Β
485 4394 551 4431 corr.
568 4380 634 4432 Mar.
651 4380 726 4433 June
742 4376 913 4445 for‘pondere.
943 4369 1054 4444 pandere
1071 4377 1167 4427 Arane.
1266 4378 1315 4427 923
