2842 4860
52 428 59 462 -ῖ
104 426 112 435 “
147 411 271 498 primus
293 411 381 476 enim
403 410 485 476 citra
505 404 614 498 postes
635 421 707 477 tum
730 412 873 477 cernitur
894 429 957 489 aer,

139 517 223 604 inde
246 519 328 582 fores
349 517 438 602 ipsae
461 517 576 581 dextra
597 517 753 603 laevaque
776 526 938 594 secuntur,

148 628 222 704 post
243 613 384 684 extraria
406 620 462 683 lux
485 620 592 683 oculos
613 627 779 706 perterget
802 628 836 684 et
858 641 914 684 aer

150 723 233 786 alter
254 723 367 788 et-illa
388 723 464 799 foris
486 747 567 809 quae
590 747 665 789 vere
687 724 950 810 transpiciuntur.

151 824 195 888 sic
217 824 275 888 ubi
297 847 331 888 se
353 824 495 910 primum
518 825 641 910 speculi
662 825 798 910 proiecit
819 825 935 913 imag0,

151 926 229 990 dum
251 927 343 991 venit
364 927 406 991 ad
427 935 552 991 nostras
574 927 666 1005 acies,
688 928 852 1013 protrudit
873 928 1006 1016 agitque
1208 932 1272 994 280

151 1056 225 1098 aera
247 1033 303 1119 qui
325 1033 411 1098 inter
433 1056 466 1098 se
488 1042 659 1118 cumquest
681 1033 850 1119 oculosque
873 1034 1004 1113 locatus,
1044 1095 1047 1101 .

152 1146 186 1201 et
208 1138 285 1201 facit
307 1146 346 1201 ut
367 1136 457 1222 prius
478 1132 565 1200 hunc
587 1159 716 1202 omnem
739 1137 858 1202 sentire
881 1160 1038 1223 queamus
1330 1220 1332 1225 .

152 1262 249 1324 quam
271 1240 445 1324 speculum.
469 1239 526 1304 sed
546 1238 605 1303 ubi
626 1239 793 1325 speculum
816 1262 943 1325 quoque
966 1241 1124 1307 sensimus
1144 1243 1261 1329 ipsum,

151 1342 304 1406 continuo
325 1365 346 1406 a
367 1342 459 1406 nobis
480 1341 515 1405 in
537 1343 626 1407 idem
649 1365 731 1428 quae
754 1343 859 1407 fertur
879 1343 986 1431 imago

116 1513 119 1517 Α
152 1443 299 1529 pervenit
321 1451 356 1508 et
377 1452 501 1508 nostros
515 1442 629 1508 'oculos
651 1443 771 1508 reiecta
792 1445 905 1509 revisit
1208 1451 1270 1530 285

151 1556 249 1632 atque
272 1547 372 1611 alium
394 1570 470 1633 prae
493 1571 526 1612 se
548 1549 729 1634 propellens
750 1571 826 1613 aera
847 1550 948 1614 volvit

152 1660 186 1715 et
208 1651 286 1716 facit
307 1661 346 1716 ut
368 1653 457 1738 prius
479 1653 565 1717 hunc
587 1676 686 1739 quam
708 1676 742 1718 se
765 1653 941 1731 videamus
962 1677 1064 1741 eoque

152 1755 270 1820 distare
293 1756 335 1820 ab
357 1758 486 1842 speculo
508 1766 639 1821 tantum
661 1766 785 1822 semota
806 1757 942 1823 videtur.

151 1884 249 1946 quare
273 1861 373 1926 etiam
395 1870 493 1947 atque
516 1862 616 1927 etiam
638 1863 771 1928 minime
794 1863 940 1927 mirarier
961 1872 1011 1928 est
1032 1887 1099 1950 par,

61 1973 63 1977 ’
113 2024 118 2034 ,
151 1965 217 2029 11110
239 1987 321 2051 quor
341 1965 478 2030 reddant
500 1966 701 2051 speculorum
724 1990 765 2031 ex
787 1988 925 2051 aequore
947 1966 1063 2044 uisum,
1209 1986 1273 2053 290
1331 2052 1334 2057 Ι

151 2068 279 2132 aeribus
300 2067 386 2132 binis
407 2068 559 2154 quoniam
582 2091 632 2134 res
654 2069 754 2134 confit
775 2078 924 2155 utraque.

151 2196 237 2236 nunc
259 2195 402 2258 eaquae
425 2174 516 2238 nobis
538 2176 755 2238 membrorum
778 2175 912 2240 dextera
932 2198 1007 2261 pars
1024 2184 1087 2254 est,

151 2277 186 2339 in
208 2275 345 2362 speculis
366 2276 406 2340 fit
427 2285 466 2340 ut
487 2276 522 2340 in
545 2277 636 2341 laeva
657 2277 806 2342 videatur
826 2301 865 2343 eo
887 2280 973 2364 quod

152 2381 321 2466 planitiem
343 2382 385 2446 ad
407 2382 529 2467 speculi
551 2382 683 2447 veniens
705 2406 779 2447 oum
802 2383 938 2448 offendit
959 2383 1075 2471 image,

151 2507 215 2548 non
238 2483 437 2548 convertitur
457 2484 634 2562 incolumia,
657 2484 714 2549 sed
727 2483 824 2549 ‘recta
845 2494 1019 2550 retrorsum
1209 2502 1269 2570 295

151 2586 196 2651 sic
218 2587 358 2664 eliditur,
379 2595 419 2651 ut
440 2587 549 2673 siquis,
571 2588 660 2673 prius
682 2587 773 2652 arida
794 2610 892 2673 quam
914 2590 958 2654 sit

150 2693 257 2755 cretea
278 2709 421 2776 persona,
443 2692 567 2756 adlidat
588 2693 712 2778 pilaeve
736 2692 870 2770 trabive,

149 2802 248 2879 atque
271 2817 310 2858 ea
330 2794 484 2859 continuo
506 2803 628 2860 rectam
650 2795 678 2860 si
700 2797 804 2860 fronte
827 2796 966 2882 figuram

64 2915 126 2979 323
150 2904 256 2961 servet
277 2905 312 2961 et
334 2897 442 2962 elisam
464 2906 550 2963 retro
572 2921 640 2962 sese
664 2897 825 2984 exprimat
847 2898 924 2984 ipsa.

63 3068 131 3142 01011,
146 3083 203 3130 bene
215 3080 256 3129 for
266 3096 332 3140 vere,
343 3080 396 3130 and
407 3080 481 3130 ruins
494 3081 539 3131 the
549 3086 694 3145 argument.
842 3083 890 3134 275
907 3090 959 3131 tum
975 3084 1095 3133 cernitur.
1127 3098 1184 3133 cum
1200 3082 1270 3134 Nice.

63 3164 132 3214 Flor.
147 3164 178 3212 31
190 3148 279 3213 cambi
290 3166 337 3214 etc.
352 3162 436 3235 which
446 3164 495 3213 has
506 3164 600 3214 caused
611 3164 691 3214 much
701 3162 839 3213 confusion
850 3163 879 3213 in
890 3163 935 3214 the
946 3163 999 3213 eds.
1011 3164 1095 3213 before
1107 3163 1188 3214 Lach.

97 3247 146 3297 277
153 3252 280 3307 perterpet
290 3245 380 3295 Lamb.
392 3245 449 3295 first
459 3247 500 3295 for
505 3253 632 3309 pertepet:
652 3246 691 3312 (so
698 3253 814 3310 pertepet
825 3247 871 3295 AB
882 3245 911 3294 in
921 3246 984 3306 249;
1001 3246 1048 3296 bnt
1063 3246 1134 3296 there
1144 3255 1271 3311 perterget

64 3329 146 3390 Nico.)
156 3331 282 3390 pertinget
292 3328 363 3376 Nice.
375 3328 428 3378 and
440 3343 468 3377 so
480 3329 515 3378 all
526 3328 611 3378 before
622 3328 715 3378 hamb.
863 3329 910 3376 283
922 3329 967 3377 ubi
979 3331 1105 3392 speculum
1115 3329 1181 3378 Mar.
1193 3330 1210 3378 J
1211 3335 1267 3383 unt

65 3413 106 3462 for
116 3413 161 3460 ubi
172 3414 200 3460 in
210 3413 345 3474 speculum.
462 3411 510 3459 284
522 3413 551 3459 iu
561 3412 628 3460 idem
638 3409 688 3458 Ed.
700 3411 741 3458 for
752 3411 781 3458 iu
791 3425 863 3460 eum:
880 3411 909 3459 id
920 3425 973 3460 was
985 3409 1110 3459 absorbed
1120 3410 1155 3474 by
1165 3412 1203 3474 in,
1217 3411 1271 3461 and

65 3511 103 3544 eru
114 3508 167 3543 was
179 3492 241 3542 then
254 3491 369 3555 changed
381 3495 408 3542 10
419 3509 487 3543 eum:
506 3497 535 3544 tu
545 3508 598 3543 was
609 3492 660 3542 lost
671 3493 738 3542 after
749 3493 778 3541 id
788 3491 817 3540 in
829 3507 856 3541 1v
867 3493 940 3544 1037.
973 3494 1064 3541 iterum
1074 3492 1155 3544 Lech.

99 3578 148 3628 290
164 3577 224 3624 Illic
236 3591 299 3638 quor
309 3576 415 3624 reddant
426 3574 476 3624 Ed.
488 3576 527 3624 for
538 3577 597 3624 lllts
609 3590 672 3638 quae
683 3576 799 3624 reddunt.
836 3573 916 3623 Lech.
928 3577 989 3636 puts
996 3573 1049 3622 this
1055 3589 1127 3623 verse
1139 3575 1270 3635 01101270,
1358 3561 1360 3565 ’

66 3658 150 3708 where
163 3658 185 3706 it
198 3657 221 3706 is
236 3657 308 3717 quite
319 3660 365 3706 out
377 3656 406 3705 of
414 3657 498 3719 place:
517 3658 584 3706 from
596 3658 644 3709 107
655 3656 677 3707 11
688 3657 711 3705 10
722 3656 847 3706 manifest
858 3656 918 3706 that
928 3655 973 3706 the
984 3657 1090 3720 images,
1103 3659 1150 3706 not
1161 3656 1207 3706 the
1217 3659 1271 3707 real

64 3739 161 3802 things,
174 3738 299 3788 ‘reddum
310 3739 471 3800 speculorum
480 3755 511 3788 ex
522 3754 630 3801 aequore
641 3739 744 3791 visum’.
780 3738 872 3789 Lamb.
882 3738 935 3789 and
946 3738 1041 3788 0100011
1051 3739 1129 3788 think
1140 3740 1270 3791 aee-291

65 3821 202 3885 spurious:
218 3819 293 3869 Wak.
301 3834 331 3869 as
340 3820 416 3869 usual
428 3835 481 3869 sees
493 3835 528 3869 110
539 3820 668 3884 difficulty
678 3819 707 3869 in
719 3819 764 3870 the
774 3819 944 3882 ms..reading
955 3819 1008 3869 and
1018 3819 1107 3882 boldly
1114 3820 1178 3869 calls
1188 3818 1217 3868 in
1226 3819 1271 3869 1110

64 3902 459 3967 Pythagoreanstotherescne.
591 3904 721 3956 aee—347
734 3903 873 3970 (323-047
884 3903 1025 3964 209-322)
1037 3916 1101 3950 were
1112 3902 1170 3950 first
1180 3901 1271 3964 placed

64 3985 93 4034 in
113 3984 182 4035 their
198 3999 291 4047 proper
307 3984 381 4033 order
399 3983 435 4047 by
453 3985 543 4035 Lamb.
562 3985 629 4035 01101
646 3985 669 4033 Β
686 4000 750 4037 corr.
787 3983 852 4033 This
864 3983 888 4033 is
901 3997 952 4032 one
965 3984 994 4032 of
1005 3983 1050 4033 the
1063 3982 1136 4032 main
1148 3997 1271 4045 passages

65 4063 150 4114 which
165 4064 275 4115 enabled
290 4064 371 4115 Lach.
388 4079 417 4114 so
433 4066 536 4128 acutely
552 4068 580 4114 10
595 4065 738 4115 determine
749 4064 795 4115 the
805 4064 914 4114 number
925 4064 953 4112 01
968 4062 1034 4113 lines
1045 4062 1074 4112 in
1085 4078 1102 4113 a
1112 4077 1177 4126 page
1188 4062 1217 4112 01
1225 4062 1271 4111 1110

62 4148 115 4197 1001
134 4147 273 4210 archetype
289 4147 316 4196 of
332 4146 367 4196 all
384 4161 432 4196 our
448 4162 510 4196 mss.
544 4147 627 4197 These
645 4149 676 4199 49
694 4145 884 4200 verses÷three
900 4143 1027 4208 headings
1042 4146 1152 4195 amount
1164 4146 1191 4192 to
1202 4144 1269 4206 fifty-

62 4233 114 4278 two
131 4243 160 4278 or
176 4227 248 4278 twice
264 4228 424 4292 twenty-sin
441 4228 500 4279 that
516 4228 540 4278 is
556 4232 584 4278 to
597 4244 645 4292 say
661 4228 706 4278 the
720 4227 832 4291 original
848 4240 898 4278 ms.
911 4225 965 4276 had
976 4225 1124 4290 twenty-six
1135 4225 1203 4274 lines
1214 4225 1242 4274 in
1254 4240 1271 4274 a

61 4327 134 4374 page,
152 4311 205 4362 and
220 4311 255 4375 by
271 4326 342 4361 some
358 4311 455 4361 chance
471 4326 520 4360 one
536 4312 596 4370 leaf,
612 4311 658 4361 the
675 4310 745 4369 76111,
763 4308 816 4359 had
832 4307 867 4358 its
883 4323 961 4370 pagos
977 4307 1110 4368 inverted3
1128 4307 1208 4357 hence
1226 4306 1271 4355 the

54 4392 262 4456 transposition:
289 4408 330 4442 see
349 4392 526 4442 introduction
546 4407 571 4461 p.
585 4394 622 4444 27.
661 4391 715 4441 The
730 4405 812 4453 marg.
835 4390 862 4438 of
880 4389 950 4438 Flor.
971 4390 1003 4440 29
1020 4388 1048 4437 in
1066 4388 1111 4437 the
1128 4386 1232 4448 writing
1245 4387 1272 4439 of
