2842 4860
640 261 671 324 V

140 421 194 485 ille
217 420 317 486 leonis
340 421 465 485 obesset
488 429 521 485 et
544 421 675 485 horrens
696 421 854 486 Arcadius
876 427 955 487 sus?

140 525 279 611 denique
302 525 381 610 quid
404 525 520 590 Cretae
543 534 655 590 taurus
678 527 884 611 Lernaeaque
906 527 1007 611 pestis

140 629 242 715 hydra
263 629 430 694 venenatis
452 637 560 714 posset
582 630 702 694 vallata
723 630 886 694 colubris?

141 733 259 817 quidve
282 734 455 819 tripectora
476 734 649 819 tergemini
671 734 719 798 vis
742 734 902 820 Geryonai

79 959 120 1020 30
142 948 235 1004 tanto
257 963 351 1025 opere
374 942 538 1005 officerent
560 942 653 1005 nobis
676 942 870 1027 Stymphala
891 943 1033 1006 colentes

77 1063 118 1127 29
141 1052 175 1108 et
197 1044 363 1108 Diomedis
386 1045 461 1130 equi
484 1045 642 1130 spirantes
663 1045 795 1109 naribus
817 1045 926 1130 ignem
1218 1068 1259 1129 30

140 1148 271 1213 Thracis
293 1149 518 1234 Bistoniasque
540 1150 651 1234 plagas
673 1157 776 1234 atque
794 1149 919 1213 Ismara
940 1155 1094 1235 propter?

141 1274 301 1338 aureaque
325 1252 542 1337 Hesperidum
564 1275 693 1333 servans
715 1253 875 1338 fulgentia
896 1255 989 1331 mala,
1056 1276 1059 1286 ·

141 1379 241 1441 asper,
263 1359 378 1421 acerba
400 1366 503 1434 tuens
525 1357 660 1421 immani
682 1380 811 1442 corpore
834 1380 964 1443 serpens

142 1461 262 1524 arboris
284 1463 452 1546 amplexus
474 1461 608 1546 stirpem
630 1461 709 1546 quid
731 1461 870 1547 denique
894 1459 1021 1527 obesset

141 1573 273 1650 propter
293 1566 486 1630 Atlanteum
510 1566 588 1630 litus
609 1567 788 1652 pelageque
811 1590 930 1644 sonora,
1220 1585 1256 1653 35

142 1691 205 1753 quo
228 1691 332 1754 neque
354 1677 464 1732 noster
485 1669 554 1732 adit
576 1669 747 1754 quisquam
770 1693 828 1734 neo
850 1670 1005 1735 barbarus
1027 1672 1149 1738 audet?

141 1780 248 1837 cetera
269 1773 309 1836 de
331 1795 449 1859 genere
471 1773 531 1836 hoc
554 1796 636 1857 quae
658 1780 735 1837 sunt
756 1781 908 1858 portenta
929 1783 1104 1860 perempta,

141 1877 188 1940 001
209 1899 274 1940 non
296 1875 382 1939 01010
403 1877 516 1951 forent,
540 1876 618 1960 quid
640 1876 772 1939 tandem
794 1876 868 1941 0100
890 1886 1042 1942 nocerent
1055 1884 1077 1966 t¹

141 1981 196 2056 nil,
218 1988 257 2044 ut
279 1980 408 2065 opinor:
436 1980 485 2043 ita
507 1979 548 2043 ad
570 1979 721 2043 satiatem
743 1987 830 2044 terra
851 1981 991 2045 ferarum

141 2107 227 2148 nunc
250 2084 350 2148 etiam
372 2083 467 2147 scatit
490 2090 524 2146 et
546 2083 671 2168 trepido
693 2091 813 2147 terrore
835 2086 960 2170 repleta
982 2094 1032 2150 est
1216 2109 1260 2171 40

141 2209 199 2272 per
219 2209 351 2251 nemora
372 2209 409 2250 ec
431 2193 557 2249 montes
578 2208 712 2271 magnos
734 2186 894 2272 silvasque
916 2188 1108 2272 profundas3

142 2314 223 2376 quae
245 2292 315 2354 loca
336 2291 461 2354 vitandi
483 2291 673 2375 plerumque
696 2298 746 2354 est
767 2299 876 2354 nostra
898 2299 1048 2375 potestas.

140 2404 176 2460 at
197 2395 260 2459 nisi
281 2402 489 2480 purgatumst
510 2402 631 2479 pectus,
654 2416 737 2478 quae
759 2395 879 2479 proelia
901 2395 993 2459 nobis

139 2507 238 2585 atque
259 2499 402 2584 pericula
424 2506 527 2562 tumst
549 2498 685 2583 ingratis
707 2498 957 2563 insinuandum!

139 2610 279 2687 quantae
301 2610 374 2665 tum
396 2601 547 2665 scindunt
569 2601 732 2664 hominem
755 2601 945 2686 cuppedinis
967 2625 1054 2667 aeres
1215 2622 1255 2689 45

139 2707 311 2771 sollicitum
333 2728 428 2769 curae
451 2704 628 2790 quantique
651 2705 783 2789 perinde
806 2705 957 2770 timores!

141 2811 258 2896 quidve
280 2810 430 2895 superbia
452 2809 607 2894 spurcitia
628 2831 665 2872 ac
687 2809 893 2894 petulantia?
923 2819 1061 2895 quantas

54 3014 125 3063 Nico.
137 3014 178 3063 100
187 3016 295 3063 0000011.
415 3013 447 3062 29
464 3012 517 3060 foll.
530 3012 595 3061 Mar.
610 3010 667 3059 nid.
681 3011 695 3059 1
707 3011 779 3060 Junt.
792 3012 844 3061 and
856 3013 891 3062 011
903 3013 1054 3075 succeeding
1066 3014 1119 3064 eds.
1130 3014 1216 3066 invert
1227 3020 1260 3069 30

54 3097 107 3147 and
119 3098 166 3157 313
182 3096 195 3145 Ι
206 3098 342 3157 transpose
353 3095 385 3144 29
397 3093 449 3143 and
460 3095 507 3144 30:
525 3093 601 3155 again
613 3095 677 3144 Mar.
692 3093 750 3143 Aid.
763 3095 776 3142 l
789 3095 862 3143 Junt.
875 3095 927 3143 and
938 3095 975 3144 all
985 3096 1073 3145 before
1084 3097 1163 3149 Laoh.
1177 3099 1260 3150 insert

52 3180 167 3229 between
178 3180 248 3227 nobis
259 3176 312 3226 and
324 3177 474 3240 Stymphala
486 3175 530 3224 the
541 3175 624 3224 words
635 3178 754 3238 unctoque
768 3178 891 3225 timendae
907 3179 1034 3238 Unanibna
1049 3180 1175 3229 Arcadiae
1191 3185 1260 3231 votu-

53 3278 115 3312 0000.
148 3259 227 3310 Lech.
242 3261 340 3322 weakiy
350 3258 425 3308 reads
437 3266 461 3307 01
473 3273 530 3306 aves
542 3258 581 3305 for
591 3259 671 3306 nobis.
705 3257 718 3304 I
731 3257 798 3305 have
812 3271 847 3305 no
862 3256 943 3305 doubt
954 3272 970 3306 0
981 3272 1053 3306 00000
1064 3258 1113 3308 1000
1124 3259 1203 3310 fallen
1214 3266 1260 3312 001

53 3344 139 3393 before
150 3345 182 3394 29
194 3344 254 3409 (30),
265 3342 406 3405 beginning
417 3341 480 3390 with
497 3343 579 3402 Quid:
601 3340 665 3389 such
676 3341 715 3388 for
726 3340 845 3389 instance
856 3354 885 3388 as
896 3339 949 3388 this
962 3342 1029 3401 Quid
1046 3343 1156 3391 uolucres
1169 3347 1260 3406 pennis

54 3429 149 3476 aeratis
164 3428 236 3474 invia
250 3433 349 3486 010900.
450 3425 482 3473 31
501 3425 607 3472 Thracis
620 3421 669 3470 Ed.
681 3423 722 3471 lor
737 3424 857 3470 Thracia.
892 3424 1016 3471 Thracam
1030 3422 1110 3473 Lach.
1146 3427 1261 3477 Thracen

53 3508 112 3558 Ald.
131 3510 145 3557 1
162 3508 249 3559 dunt:
269 3523 310 3556 sea
329 3505 417 3556 Gamb.
436 3506 526 3555 Journ.
545 3504 573 3552 01
592 3503 658 3567 phil.
675 3519 685 3552 1
704 3519 731 3566 p.
751 3505 790 3554 44.
890 3505 1041 3567 arnapam
1059 3506 1130 3556 Mon.
1149 3508 1258 3572 Nauger.

55 3591 153 3655 (stipem
175 3589 342 3653 Mandant.)
363 3589 402 3636 for
424 3590 522 3650 stirpes.
621 3585 884 3636 sanilonomen.
909 3589 1081 3647 (Atlantaenm
1097 3589 1189 3639 Lamb.
1209 3592 1260 3641 and

53 3672 166 3722 Turneb.
178 3673 245 3734 first)
262 3673 302 3721 for
318 3673 460 3720 Atianenm.
496 3672 621 3719 Oceanum
636 3677 740 3731 propter
755 3669 825 3718 Nico.
838 3669 956 3718 followed
972 3670 1006 3732 by
1022 3685 1113 3733 many:
1137 3674 1261 3723 Oceanum

52 3771 105 3804 was
115 3755 241 3818 probably
246 3755 349 3803 written
360 3753 389 3802 in
400 3752 444 3802 1100
452 3751 555 3814 margin
563 3752 592 3801 01
600 3750 718 3813 Poggio's
729 3765 778 3799 ms.
786 3755 813 3800 to
825 3751 930 3813 explain
940 3754 1093 3802 Atlanteum.
1123 3757 1260 3818 pelopequa

52 3837 144 3887 Lamb.
156 3838 196 3885 for
208 3839 353 3900 pelopiqae.
386 3851 477 3885 sonora
492 3836 563 3883 Nioo.
581 3835 636 3900 (not
652 3834 722 3882 Flor.
740 3835 771 3882 31
789 3849 818 3883 00
835 3833 934 3894 Gamb.)
954 3834 1024 3883 Mon.
1041 3835 1112 3884 Brix.
1125 3837 1182 3885 Ver.
1195 3837 1260 3886 Ven.

52 3918 138 3968 Aldl
154 3920 228 3968 10001.
241 3919 351 3979 Nauger.
367 3916 446 3966 Laoh.
458 3916 499 3964 for
515 3931 615 3966 seuera:
635 3915 656 3965 it
673 3930 726 3964 was
743 3915 868 3978 probably
884 3915 912 3964 in
929 3915 1047 3978 Poggio's
1062 3932 1123 3968 ms:
1143 3917 1219 3967 Pont.
1232 3921 1260 3968 in

52 4017 133 4064 marg.
147 3998 321 4050 ί0111000οναῆ
420 4001 452 4048 38
469 4000 513 4048 Sei
529 3998 609 4048 Laoh.
622 4001 652 4049 si
663 3998 735 4050 Nioo.
748 3999 788 4048 ior
800 4000 858 4049 Sed.
990 4000 1022 4046 44
1040 4008 1113 4050 100001
1128 4000 1207 4050 Lach.
1220 4002 1261 4051 100

50 4092 118 4134 mne.
153 4091 211 4132 tnnc
223 4080 456 4131 Lamb.Gif.ed.1.
489 4080 782 4130 Lamb.ed.3remarks
795 4080 974 4129 ί100001000ιο0
986 4081 1261 4132 Zoilus...secutusest

51 4165 148 4215 tacitus
164 4167 191 4214 01
210 4162 386 4224 dissimulans,
406 4165 540 4224 tamquam
558 4161 688 4224 integrum
705 4161 733 4210 in
753 4162 812 4212 aliis
831 4161 904 4211 libris
924 4164 1055 4224 repertum
1072 4166 1098 4211 et
1114 4179 1168 4211 non
1186 4178 1202 4213 0
1218 4179 1261 4214 me

50 4247 245 4298 emendatum’:
264 4245 316 4296 Gis.
329 4244 393 4294 then
409 4243 450 4293 ed.
463 4246 478 4292 2
489 4243 563 4293 reads
575 4245 692 4307 pericula
708 4251 753 4303 est,
765 4244 818 4293 and
833 4258 893 4307 says
905 4243 954 4293 ‘sio
969 4243 1068 4306 scripsi.
1080 4244 1109 4292 in
1120 4259 1143 4293 o.
1155 4260 1179 4293 0.
1191 4254 1257 4297 sant.

50 4329 153 4380 MarulL
165 4330 191 4378 01
202 4328 270 4391 vulg.
284 4328 370 4380 tuno’:
391 4342 450 4377 now
465 4326 541 4377 when
557 4327 649 4377 Lamb.
664 4326 719 4376 had
735 4341 764 4377 so
780 4326 916 4390 pointedly
933 4325 1022 4376 drawn
1039 4325 1169 4375 attention
1186 4330 1214 4375 to
1229 4326 1258 4389 it,

50 4412 105 4463 Gii.
116 4413 188 4462 must
198 4409 264 4461 have
275 4409 340 4460 been
351 4412 447 4461 amost
458 4408 595 4474 impudent
605 4408 663 4470 liar,
674 4408 698 4471 u
711 4407 747 4459 he
761 4408 806 4458 did
820 4412 867 4459 not
878 4407 934 4459 lind
946 4416 1004 4459 tono
1017 4408 1047 4457 in
1061 4408 1196 4458 Marullus’
1208 4424 1257 4462 ms.
