2842 4860
719 233 773 296 III
879 241 880 244 ’

232 394 361 482 integit,
384 404 418 459 et
440 395 528 482 large
550 395 667 460 diffuso
690 396 814 461 lumine
835 396 951 462 rident.

232 499 340 563 omnia
362 498 550 584 suppeditat
572 521 666 584 porro
688 508 808 565 natura*
827 524 932 587 neque
954 501 1022 566 ulla

231 626 281 668 res
303 603 405 668 animi
426 625 538 688 pacem
561 603 684 668 delibat
706 613 850 690 tempore
872 607 907 670 in
928 607 1004 672 ullo.

232 715 267 771 at
289 715 401 771 contra
422 729 583 792 nusquam
605 717 763 793 apparent
784 701 964 774 Acherusia
986 709 1110 794 templa

231 835 291 877 nec
312 812 410 877 tellus
432 812 540 876 obstat
562 811 642 896 quin
664 812 774 877 omnia
795 813 1015 900 dispiciantur,

232 916 293 981 sub
314 914 452 1000 pedibus
474 936 694 1000 quaecumque
717 915 801 979 infra
822 938 880 1001 per·
901 916 998 982 inane
1019 926 1184 1004 geruntur.

231 1019 282 1084 his
304 1019 351 1083 ibi
372 1041 424 1083 me
446 1019 543 1084 rebus
564 1018 723 1104 quaedam
745 1019 856 1084 divina
876 1021 1026 1111 uoluptas

231 1106 370 1209 percipit
391 1123 496 1208 adque
518 1122 637 1198 horror,
659 1123 746 1208 quod
768 1124 813 1188 sic
835 1132 954 1189 natura
975 1133 1035 1190 tua
1056 1125 1089 1190 vi

231 1239 299 1294 tam
324 1228 495 1292 manifesta
516 1235 631 1312 patens
654 1249 693 1291 ex
716 1227 804 1291 omni
826 1236 917 1314 parte
939 1237 1064 1294 retecta
1085 1237 1143 1294 est.

274 1333 318 1396 Et
340 1332 492 1417 quoniam
515 1331 618 1408 docui,
641 1319 829 1396 cunctarum
853 1333 983 1397 exordia
1004 1356 1111 1398 rerum

230 1436 339 1523 qualia
360 1436 426 1500 sint
449 1443 483 1500 et
504 1457 603 1521 quam
625 1435 721 1500 variis
743 1435 898 1501 distantia
920 1437 1030 1502 formis

231 1545 346 1624 sponte
368 1559 427 1601 sua
448 1537 586 1601 volitent
608 1528 738 1602 aeterno
760 1539 883 1622 percita
904 1548 996 1604 motu
1082 1578 1084 1582 ·

229 1662 331 1726 quove
355 1639 449 1703 modo
470 1639 596 1723 possint
616 1661 667 1703 res
690 1662 729 1703 ex
751 1639 802 1704 his
825 1664 971 1727 quaeque
993 1643 1102 1719 creari,

228 1747 323 1810 hasce
345 1744 522 1809 secundum
544 1766 595 1808 res
616 1744 717 1809 animi
739 1743 856 1810 natura
877 1747 1007 1812 videtur

229 1858 328 1936 atque
350 1849 479 1913 animae
501 1849 652 1913 claranda
673 1849 755 1914 meis
776 1850 843 1914 iam
865 1852 1010 1917 versibus
1032 1874 1100 1916 esse

229 1964 263 2020 et
285 1963 392 2019 metus
414 1953 469 2018 ille
491 1954 574 2018 foras
596 1976 748 2039 praeceps
770 1954 967 2020 Acheruntis
990 1956 1141 2040 agendus,

228 2058 377 2123 funditus
399 2057 576 2121 humanam
598 2057 655 2142 qui
677 2057 780 2121 vitam
802 2057 915 2122 turbat
937 2059 979 2124 ab
1001 2060 1066 2124 imo

228 2161 337 2226 omnia
358 2159 547 2225 suffundens
569 2160 682 2225 mortis
704 2161 831 2248 nigrore
852 2183 957 2248 neque
979 2161 1081 2227 ullam

227 2287 296 2330 esse
318 2264 519 2348 voluptatem
541 2263 699 2349 liquidam
720 2286 900 2350 puramque
922 2264 1085 2351 relinquit.
1303 2284 1349 2346 40

226 2390 303 2431 nam
325 2366 410 2452 quod
433 2386 527 2448 saepe
549 2366 696 2429 homines
718 2367 844 2430 morbos
866 2367 969 2452 magis
992 2389 1059 2432 esse
1083 2366 1245 2434 timendos

227 2471 447 2554 infamemque
470 2468 579 2533 ferunt
602 2468 704 2532 vitam
727 2492 825 2555 quam
847 2471 982 2534 Tartara
1003 2470 1063 2535 leti

228 2584 262 2641 et
284 2597 318 2638 se
340 2573 421 2637 scire
443 2572 571 2636 animae
592 2580 745 2636 naturam
767 2573 932 2660 sanguinis
955 2597 1024 2639 esse

158 2681 203 2762 46
224 2687 282 2744 aut
305 2676 405 2742 etiam
426 2675 525 2752 venti,
548 2675 576 2741 si
598 2676 660 2740 fert
682 2676 730 2740 ita
751 2678 834 2742 forte
856 2679 1015 2755 voluntas,

161 2803 206 2864 44
226 2804 286 2846 nec
307 2802 438 2867 prosum
460 2779 634 2865 quicquam
654 2789 783 2844 nostrae
805 2781 939 2845 rationis
961 2805 1064 2868 egere,
1111 2822 1112 2825 =

49 2969 52 2977 Ι
227 2885 303 2949 hino
324 2885 401 2948 licet
423 2883 572 2947 advertas
595 2883 740 2947 animum
763 2884 867 2971 magis
889 2885 998 2949 omnia
1019 2885 1124 2951 laudis

162 3007 205 3073 47
228 2989 342 3054 iactari
364 3009 461 3052 causa
482 3010 580 3072 quam
602 2987 688 3073 quod
710 3009 761 3052 res
782 2987 853 3073 ipsa
874 2988 1035 3073 probetur.

226 3103 368 3159 extorres
389 3092 476 3157 idem
498 3091 605 3178 patria
626 3092 785 3178 longeque
806 3091 912 3177 fugati

226 3205 399 3283 conspectu
422 3219 461 3260 ex
483 3197 660 3272 hominum,
684 3196 804 3261 foedati
826 3197 960 3263 crimine
982 3199 1080 3285 turpi,

225 3301 374 3365 omnibus
396 3299 560 3364 aerumnis
581 3297 701 3362 adfecti
723 3298 864 3384 denique
886 3298 1010 3376 vivunt,

224 3413 258 3469 et
281 3426 483 3490 quocumque
506 3410 616 3466 tamen
639 3401 748 3465 miseri
770 3425 886 3467 venere
907 3411 1083 3488 parentant

224 3519 258 3576 et
279 3510 387 3597 nigras
409 3515 554 3572 mactant
576 3505 715 3592 pecudes
738 3514 772 3570 et
793 3505 935 3570 manibu’
959 3506 1042 3571 divis

223 3614 353 3678 inferias
376 3611 514 3676 mittunt
536 3610 705 3694 multoque
727 3609 763 3671 in
784 3610 880 3673 rebus
902 3609 1025 3675 acerbis

223 3716 327 3782 aerius
349 3716 524 3781 advertunt
545 3713 669 3778 animos
691 3711 733 3776 ad
755 3712 951 3798 religionem.

222 3844 285 3907 quo
308 3820 410 3907 magis
432 3819 467 3882 in
489 3817 597 3883 dubiis
618 3816 784 3881 hominem
806 3825 951 3902 spectare
973 3817 1101 3903 periclis
1252 3830 1254 3835 '
1303 3837 1341 3904 55

223 3924 374 3990 convenit
396 3921 600 4007 adversisque
623 3920 658 3984 in
680 3921 776 3984 rebus
798 3942 927 3985 noscere
950 3922 1006 4007 qui
1028 3922 1091 4002 sit3
1320 3939 1323 3943 ’

222 4050 299 4092 nam
321 4048 416 4090 verae
437 4046 530 4090 voces
551 4032 625 4089 tum
647 4023 779 4088 demum
801 4032 930 4108 pectore
952 4025 993 4088 ab
1015 4025 1081 4090 imo

135 4195 256 4254 founded,
268 4195 334 4246 have
349 4197 379 4244 a
392 4197 498 4245 nurum
513 4193 577 4244 with
593 4197 609 4245 a
625 4185 684 4245 vat.
785 4195 817 4243 aa
833 4195 917 4244 aaut
932 4194 1013 4244 nach.
1026 4196 1066 4245 ror
1081 4197 1157 4245 riser.
1256 4199 1288 4248 aa
1304 4202 1343 4250 ru

135 4279 212 4329 Pont.
230 4277 343 4330 Gronov.
365 4277 439 4329 Wsk.
462 4277 502 4326 for
520 4279 572 4328 ubi.
608 4279 657 4327 riti
673 4276 738 4327 Mar.
758 4275 833 4326 tunt.
972 4278 1004 4328 29
1023 4280 1060 4328 sie
1077 4286 1172 4328 aratura
1186 4279 1282 4333 Avanc.
1303 4282 1344 4332 lor

134 4363 276 4424 adauctam.
386 4362 417 4409 33
434 4367 535 4410 aeteram
551 4360 637 4422 Bentl.
655 4359 696 4409 lor
712 4361 817 4410 alterno.
935 4360 967 4409 44
985 4361 1036 4422 (46)
1053 4362 1110 4411 first
1126 4362 1216 4425 placed
1232 4362 1293 4414 here
1308 4365 1343 4430 by
