2842 4860
176 267 237 332 150

260 407 448 472 deerrarunt
469 405 589 492 passim
612 414 720 470 motus
742 405 784 469 ab
806 406 953 471 sensibus
975 428 1094 471 omnes.

260 511 358 575 debet
380 511 475 587 enim,
498 511 612 575 misere
635 509 663 574 si
685 511 767 574 forte
790 532 948 595 aegreque
972 512 1157 588 futurumst,

260 615 328 699 ipse
351 636 478 699 quoque
500 635 569 678 esse
591 613 626 676 in
649 636 686 678 eo
709 622 780 677 tum
803 622 957 698 tempore,
980 615 1032 680 cui
1055 615 1139 678 male
1162 614 1263 700 possit

261 717 413 781 accidere.
445 717 478 780 id
502 716 654 801 quoniam
677 738 761 780 mors
785 716 908 792 eximit,
931 739 1064 802 esseque
1086 717 1202 803 probet

175 823 240 900 864
261 820 353 884 illum
377 820 428 883 oui
452 820 576 905 possint
598 819 801 883 incommoda
823 821 993 898 conciliari,
1319 824 1384 904 865

262 925 342 989 seire
365 925 441 988 licet
464 924 556 988 nobis
579 923 625 986 nil
649 944 717 988 esse
740 923 776 986 in
798 933 901 988 morte
924 924 1105 988 timendum

261 1051 321 1092 nec
341 1029 495 1092 miserum
519 1027 589 1091 fieri
613 1029 754 1112 quinon
779 1036 828 1091 est
850 1051 942 1113 posse
965 1052 1071 1114 neque
1094 1031 1197 1094 hilum

261 1131 389 1196 differre
412 1154 495 1195 anne
518 1131 585 1194 ullo
608 1131 705 1195 fuerit
727 1131 792 1194 iam
816 1141 960 1218 tempore
983 1143 1088 1211 natus

235 1252 238 1257 ’
261 1235 431 1299 mortalem
453 1233 555 1298 vitam
579 1256 663 1298 mors
690 1257 764 1297 curn
786 1234 966 1299 inmortalis
988 1236 1117 1301 ademit.

305 1337 442 1402 Proinde
465 1337 522 1401 ubi
545 1360 578 1401 se
601 1336 711 1401 videas
734 1338 899 1401 hominem
922 1338 1119 1423 indignarier
1140 1339 1257 1425 ipsum,
1320 1344 1389 1422 870

262 1450 335 1528 post
357 1449 495 1504 mortem
517 1439 584 1503 fore
606 1448 644 1503 ut
667 1449 725 1502 aut
747 1448 896 1524 putescat
918 1463 1047 1526 corpore
1069 1451 1161 1527 posto

262 1552 321 1608 aut
343 1543 483 1607 flammis
505 1542 649 1606 interfiat
672 1542 805 1606 malisve
828 1544 978 1624 ferarum,

263 1648 342 1712 scire
366 1648 442 1711 lieet
464 1669 528 1710 non
552 1647 712 1710 sincerum
736 1668 846 1711 sonere
869 1657 967 1732 atque
990 1647 1120 1713 subesse

263 1774 394 1815 caecum
417 1751 559 1834 aliquem
583 1748 669 1813 cordi
692 1749 869 1826 stimulum,
892 1752 1039 1834 quamvis
1061 1761 1160 1836 neget
1181 1752 1251 1837 ipse

263 1855 389 1918 credere
412 1875 445 1917 se
468 1875 664 1938 quemquam
687 1852 748 1916 sibi
771 1875 900 1917 sensum
923 1855 956 1917 in
979 1864 1082 1920 morte
1104 1859 1261 1922 futurum.
1323 1862 1387 1942 875

263 1981 337 2032 non,
359 1965 397 2020 ut
419 1957 539 2042 opinor,
562 1955 649 2019 enim
672 1955 729 2019 dat
750 1956 837 2040 quod
858 1958 1020 2042 promittit
1042 1967 1076 2022 et
1098 1961 1193 2034 unde,

263 2083 323 2124 nec
344 2059 497 2123 radicitus
520 2080 537 2122 e
560 2058 629 2122 vita
651 2081 684 2122 se
707 2059 794 2123 tollit
817 2068 850 2123 et
873 2059 954 2137 eioit,

264 2164 319 2228 sed
341 2164 418 2227 facit
441 2185 509 2227 esse
532 2162 582 2225 sui
604 2162 759 2246 quiddam
783 2185 879 2248 super
901 2164 1020 2229 inscius
1042 2165 1119 2251 ipse.

263 2272 356 2335 vivus
379 2267 466 2332 enim
489 2267 551 2330 sibi
574 2289 648 2330 curn
670 2266 821 2351 proponit
843 2267 979 2351 quisque
1002 2269 1158 2347 futurum,

264 2394 377 2458 eorpus
399 2372 450 2434 uti
474 2371 616 2433 volucres
639 2369 780 2433 lacerent
802 2369 837 2432 in
860 2379 964 2435 morte
986 2372 1144 2458 feraeque,
1323 2382 1390 2444 880

264 2481 333 2566 ipse
355 2478 405 2542 sui
429 2477 580 2555 miseret;
611 2499 717 2560 neque
740 2476 827 2539 enim
850 2499 884 2540 se
906 2477 1024 2541 dividit
1046 2479 1138 2556 illim,

263 2606 323 2648 neo
345 2590 488 2646 removet
510 2581 587 2644 satis
609 2604 629 2644 a
650 2580 790 2665 proiecto
814 2603 942 2666 corpore
966 2590 1000 2647 et
1022 2583 1115 2647 illum

264 2671 306 2750 se
319 2684 414 2769 fingit
436 2704 596 2767 sensuque
619 2705 676 2746 suo
698 2683 897 2747 contaminat
919 2692 1036 2748 astans.

264 2788 339 2850 hinc
362 2785 550 2870 indignatur
572 2807 606 2848 se
627 2785 798 2848 mortalem
822 2808 891 2850 esse
913 2795 1058 2851 creatum

262 2914 322 2955 neo
344 2889 433 2953 videt
455 2889 489 2950 in
513 2911 587 2952 vera
608 2889 736 2952 nullum
759 2889 824 2952 fore
847 2897 951 2953 morte
973 2891 1074 2954 alium
1097 2914 1131 2956 se
1323 2899 1385 2979 885

264 2995 321 3080 qui
342 2992 443 3079 possit
465 2992 557 3056 vivus
580 2992 641 3056 sibi
663 3015 698 3057 se
720 2993 829 3076 lugere
852 3002 1057 3079 peremptum

264 3110 416 3185 stansque
438 3098 598 3162 iacentem
620 3121 652 3163 se
674 3098 805 3162 lacerari
828 3098 918 3162 urive
941 3099 1057 3164 dolere.

176 3303 210 3365 by
221 3300 301 3350 Laoh.
313 3300 403 3350 whois
414 3300 547 3364 naturally
559 3301 690 3362 surprised
701 3301 760 3350 that
771 3300 793 3350 it
804 3317 856 3350 was
867 3301 914 3351 left
926 3302 966 3350 for
976 3302 1033 3351 him
1045 3307 1072 3352 to
1084 3304 1126 3354 do.
1234 3307 1283 3356 862
1298 3310 1388 3358 misere

176 3387 199 3434 si
211 3385 287 3433 Pont.
300 3383 435 3431 Turnebus
446 3382 499 3431 and
516 3383 550 3432 Is.
570 3383 643 3431 Voss.
659 3382 687 3429 in
698 3397 747 3431 ms.
760 3387 841 3444 notes,
856 3383 941 3433 before
952 3383 1042 3444 Laoh,
1055 3385 1095 3433 for
1105 3387 1225 3438 miserest.

208 3466 256 3515 864
272 3481 336 3514 more
353 3466 375 3514 B
392 3479 457 3515 corr.
475 3466 544 3513 Flor.
561 3466 592 3513 31
610 3465 651 3513 for
667 3481 730 3516 moe.
823 3467 911 3527 probet
928 3465 1010 3514 Laoh.
1051 3469 1169 3529 probibet
1186 3469 1323 3520 Turnebus
1346 3473 1388 3522 for

176 3549 292 3611 prohibe.
456 3547 504 3596 868
527 3548 638 3608 Differre
655 3561 719 3594 aune
735 3548 788 3594 ullo
801 3547 852 3596 Ed.
868 3547 908 3595 for
921 3549 1032 3609 Differre
1043 3551 1147 3598 annullo
1158 3553 1244 3598 anullo
1256 3552 1286 3613 A,
1300 3556 1389 3603 01111110

177 3630 305 3680 00111108.
358 3646 375 3679 0
390 3628 975 3679 0011011100.111101111οΕ11.11111110110(1.
1008 3633 1118 3693 Differre
1138 3641 1197 3681 onte
1217 3634 1386 3695 0110600114

177 3713 223 3761 but
241 3713 341 3773 differre
355 3713 439 3775 suerit
456 3725 538 3760 seems
555 3713 602 3759 not
618 3714 646 3758 to
663 3710 694 3759 be
710 3710 798 3759 Latin.
812 3711 818 3722 '
832 3712 941 3773 Differre
955 3728 989 3760 arr
1005 3715 1075 3761 nullo
1087 3713 1116 3761 of
1130 3714 1206 3763 Pont.
1219 3715 1283 3766 Mar.
1297 3718 1356 3769 Ald.
1373 3722 1387 3770 l

176 3793 250 3841 Junt.
268 3792 360 3841 Lamb.
380 3797 429 3840 eto.
448 3792 497 3840 has
516 3806 550 3840 no
569 3806 651 3840 sense.
749 3793 796 3842 871
810 3799 927 3853 putescat
947 3793 1043 3842 Avano.
1060 3793 1134 3843 Wak.
1152 3795 1232 3844 Lech.
1249 3798 1290 3846 for
1299 3807 1385 3861 potes.

173 3881 303 3939 putrescat
320 3874 389 3946 Elor.
407 3875 438 3921 31
451 3874 526 3924 Pont.
547 3874 613 3922 Mar.
630 3874 704 3922 Junt.
723 3874 814 3922 Lamb.
834 3875 903 3936 vulg.
936 3875 989 3924 Cio.
1007 3876 1102 3925 defin.
1121 3893 1137 3926 v
1155 3880 1186 3926 38
1203 3895 1233 3928 rie
1248 3884 1389 3942 putrbeeret

177 3956 287 4012 Nonius,
302 3963 455 4017 putresceret
475 3971 549 4004 msa:
568 3956 599 4005 de
617 3959 664 4004 nat
684 3956 752 4004 deor.
771 3971 792 4004 11
811 3958 859 4005 160
874 3973 905 4006 rie
919 3965 1060 4020 putesceret
1077 3974 1137 4010 mss.
1157 3961 1281 4024 speaking
1297 3964 1326 4012 01
1342 3965 1390 4016 the

178 4053 249 4088 samo
266 4037 350 4098 thing.
447 4039 496 4087 873
512 4052 562 4086 nou
578 4040 701 4086 sincerum
717 4037 786 4086 Flor.
806 4023 948 4087 31611111).
969 4039 1044 4090 Pont.
1065 4041 1131 4091 Mar.
1152 4044 1192 4091 for
1209 4059 1241 4092 rw
1261 4047 1390 4098 emaum

177 4123 206 4172 11
227 4121 305 4180 Nico,
325 4136 368 4169 rios
381 4122 443 4168 eine.
461 4120 492 4169 B.
591 4123 639 4169 880
658 4123 767 4170 lacerent
783 4121 854 4169 Nioc.
870 4121 1042 4171 foriocereut.
1140 4125 1187 4173 881
1205 4127 1300 4175 dividit
1319 4130 1390 4181 illim

177 4203 208 4250 A.
241 4203 307 4249 vidit
321 4202 394 4249 illum
410 4199 441 4249 B.
475 4201 571 4249 dividit
588 4203 661 4249 illem
672 4201 742 4252 Nico.
761 4203 856 4251 dividit
872 4204 952 4250 bilem
965 4203 1035 4251 Flor.
1047 4205 1078 4252 31
1092 4205 1180 4255 Oamb.
1195 4206 1260 4256 Mar.
1270 4209 1391 4262 eirenae

178 4287 257 4334 hilum
267 4283 358 4332 Lumb.
489 4285 537 4332 886
556 4284 681 4344 QoiFlor.
697 4286 729 4332 31
741 4285 812 4333 Mon.
827 4284 902 4333 Pont.
917 4283 974 4333 Ald.
991 4285 1091 4335 lJunt.
1103 4287 1143 4335 for
1157 4288 1215 4337 Cui.
1414 4303 1416 4306 ·

210 4370 258 4420 887
275 4383 300 4418 re
312 4365 395 4417 added
405 4366 439 4429 by
450 4366 518 4415 Flor.
531 4367 561 4415 31
575 4367 664 4416 (lamb.
676 4366 772 4418 Avens.
808 4368 891 4416 dolere
903 4366 974 4415 Mon.
986 4381 1012 4428 p.
1024 4383 1057 4417 nn
1071 4368 1162 4419 Lamb.
1174 4369 1215 4419 for
1225 4370 1319 4425 dola-e.
