2842 4860
682 227 700 291 1
1250 232 1294 313 69

216 390 392 476 Linquitur
415 389 468 454 hic
492 389 653 474 quaedam
678 389 831 454 latitandi
857 389 950 475 copia
975 391 1089 466 tenvis,
1229 394 1289 474 875

86 507 88 512 ·
173 493 205 557 id
230 493 317 580 quod
340 493 549 578 Anaxagoras
572 490 636 557 sibi
660 492 770 569 sumit,
792 501 832 557 ut
854 486 1004 558 omnibus
1028 494 1133 558 omnis

172 620 223 662 res
249 604 345 684 putet
370 596 526 660 inmixtas
551 595 648 660 rebus
673 595 811 674 latitare,
837 596 892 660 sed
918 596 1001 660 illud

172 723 327 786 apparere
350 722 454 765 unum
478 700 569 765 cuius
593 700 660 765 sint
685 699 827 785 plurima
852 701 959 765 mixta

173 813 208 868 et
230 805 333 890 magis
357 805 393 867 in
416 811 569 889 promptu
593 803 762 888 primaque
785 804 821 867 in
844 803 950 868 fronte
973 803 1086 869 locata.

173 908 260 992 quod
285 916 397 972 tamen
423 929 444 970 a
466 928 542 971 vera
566 907 661 990 longe
684 905 809 971 ratione
833 908 1040 992 repulsumst.
1230 910 1294 973 880

174 1011 385 1076 conveniebat
404 1010 496 1075 enim
523 1011 631 1095 fruges
655 1033 783 1096 quoqne
806 1033 911 1096 saepe,
934 1012 1054 1076 minaci

172 1116 284 1180 robore
305 1138 379 1179 oum
397 1115 475 1179 ‘saxi
500 1116 702 1200 franguntur,
726 1115 857 1180 mittere
883 1115 1012 1200 signum

173 1219 339 1306 sanguinis
364 1228 423 1284 aut
449 1219 583 1305 aliquid,
608 1228 719 1284 nostro
744 1241 828 1304 quae
852 1242 982 1306 corpore
1008 1219 1147 1284 aluntur.

87 1325 147 1404 885
173 1324 330 1388 consimili
355 1324 479 1389 ratione
505 1324 614 1388 herbis
640 1346 769 1410 quoque
796 1347 891 1410 saepe
917 1324 1060 1402 decebat,

87 1430 152 1507 884
173 1449 247 1491 cum
272 1428 375 1513 lapidi
400 1429 435 1492 in
459 1428 601 1513 lapidem
626 1428 771 1506 terimus
797 1452 930 1493 manare
956 1451 1122 1507 cruorem;

174 1538 207 1596 et
233 1530 344 1596 latices
370 1531 474 1596 dulcis
497 1540 610 1617 guttas
636 1532 800 1616 similique
827 1554 938 1617 sapore

174 1635 312 1711 mittere,
339 1631 510 1719 lanigerae
526 1635 614 1718 quali
637 1642 714 1699 sunt
740 1636 839 1700 ubere
863 1636 965 1711 lactis,

174 1737 295 1803 sedicet
319 1745 353 1802 et
378 1738 482 1822 glebis
505 1745 664 1802 terrarum
688 1760 784 1823 saepe
808 1739 911 1804 friatis

173 1842 348 1907 herbarum
373 1865 493 1927 genera
518 1852 552 1906 et
577 1843 686 1927 fruges
709 1844 901 1928 frondesque
927 1843 1030 1907 videri

174 1945 345 2032 dispertita
369 1947 454 2012 inter
477 1955 598 2012 terram
624 1947 753 2012 latitare
779 1948 914 2026 minute,
1231 1948 1295 2026 890

172 2059 333 2135 postremo
356 2051 391 2114 in
415 2051 511 2137 lignis
535 2052 676 2117 cinerem
700 2053 892 2137 fumumque
916 2051 1029 2125 videri,

173 2153 246 2219 cum
270 2156 450 2241 praefracta
473 2157 585 2234 forent,
612 2157 761 2244 ignisque
785 2158 886 2221 latere
910 2157 1061 2220 minutos

174 2281 312 2343 quorum
336 2261 382 2323 nil
405 2261 476 2325 fieri
500 2262 654 2346 quoniam
679 2262 852 2326 manifesta
875 2262 969 2326 docet
994 2281 1053 2338 res,

174 2363 253 2427 scire
279 2365 356 2430 licet
378 2388 444 2429 non
466 2388 535 2430 esse
558 2367 593 2430 in
617 2366 714 2430 rebus
736 2388 787 2430 res
810 2366 857 2430 ita
879 2366 1007 2444 mixtae,

173 2489 286 2531 verum
310 2468 435 2533 semina
459 2469 661 2535 multimodis
685 2469 824 2533 inmixta
847 2469 947 2545 latere
1231 2467 1292 2546 895

144 2602 145 2608 ¹
174 2567 352 2635 multarum
374 2594 484 2636 rerum
510 2572 545 2635 in
568 2573 666 2637 rebus
692 2572 877 2636 communia
903 2571 1033 2636 debent.

218 2674 283 2738 ‘At
307 2696 403 2760 saepe
426 2675 461 2738 in
484 2675 610 2760 magnis
633 2675 671 2738 fit
695 2674 878 2739 montibus'
902 2675 1012 2760 inquis
1035 2680 1090 2737 ‘nt
1115 2672 1191 2737 altis

174 2779 340 2844 arboribus
363 2779 469 2844 vicina
491 2779 660 2844 cacumina
684 2802 811 2843 summa
835 2786 984 2844 terantur

174 2884 260 2948 inter
284 2907 327 2960 se,
354 2884 470 2949 validis
493 2885 597 2950 facere
621 2885 655 2949 id
680 2883 870 2970 cogentibus
894 2882 1020 2960 austris,

173 2988 276 3052 donec
298 2988 442 3052 flammai
465 2989 626 3053 fulserunt
652 2989 731 3052 flore
753 2997 860 3052 coorto
873 2985 889 3051 '.
1230 3002 1296 3067 900

112 3127 129 3166 .'
174 3092 296 3157 sedicet
320 3099 355 3156 et
379 3114 445 3156 non
470 3100 520 3156 est
544 3091 640 3177 lignis
665 3098 776 3154 tamen
800 3090 917 3154 insitus
940 3087 1034 3174 ignis,

173 3217 285 3260 verum
312 3194 435 3260 semina
458 3203 536 3258 sunt
559 3194 681 3258 ardoris
705 3193 818 3269 multa,
842 3191 976 3257 terendo

173 3321 257 3383 quae
281 3320 356 3362 cum
379 3297 572 3375 confluxere,
598 3305 709 3361 creant
732 3295 884 3359 incendia
907 3294 1003 3358 silvis.

82 3456 233 3504 exarantur
248 3451 312 3501 with
327 3451 396 3501 Flor.
414 3453 445 3500 31
463 3450 553 3500 Gamb.
570 3455 618 3501 etc.
742 3452 791 3500 882
808 3465 864 3499 com
884 3451 943 3498 saxi
962 3449 1028 3497 Mar.
1047 3445 1130 3497 Aldl
1149 3446 1223 3498 Junt.
1243 3451 1292 3500 etc.

82 3538 125 3587 for
141 3550 197 3585 cum
212 3536 242 3584 ia
256 3536 323 3586 saei.
406 3549 407 3552 ¹
423 3534 472 3582 884
489 3535 537 3583 885
554 3533 650 3596 rightly
667 3531 822 3594 transposed
838 3532 873 3594 by
886 3531 918 3580 N.
933 3531 963 3579 P.
981 3531 1114 3582 Howard:
1133 3546 1176 3581 see
1192 3534 1295 3582 808882

82 3621 125 3670 for
141 3616 309 3679 explanation
325 3616 354 3666 of
375 3615 421 3666 the
443 3616 525 3665 whole
542 3630 649 3679 passage
664 3615 693 3664 in
709 3614 794 3664 which
810 3613 890 3664 much
912 3613 1029 3663 needless
1049 3614 1148 3676 change
1164 3614 1213 3664 has
1229 3615 1295 3665 been

82 3699 174 3750 made:
198 3699 246 3748 884
262 3701 292 3748 in
309 3713 361 3747 om.
383 3697 448 3749 Mar.
472 3698 547 3748 Junt.
564 3700 613 3747 eto.
636 3699 732 3758 ‘recta
753 3698 872 3761 utputo,
894 3695 943 3746 etsi
963 3711 1010 3745 our
1030 3696 1120 3745 addita
1142 3695 1177 3745 sit
1194 3699 1291 3759 [praep.

82 3784 124 3846 ia]
140 3796 195 3831 non
206 3779 344 3843 intellego’
360 3780 440 3830 Lech.
508 3783 609 3830 terimus
620 3779 692 3830 Nico.
705 3780 876 3829 fortenemus.
1018 3780 1067 3828 885
1080 3780 1171 3828 herbis.
1206 3780 1294 3828 herbas

82 3865 151 3916 Mar.
176 3863 258 3914 Aldl
275 3863 349 3914 Junt.
370 3862 451 3912 Lech.
469 3861 553 3924 vulgo.
673 3863 722 3912 886
744 3864 840 3912 latices.
876 3861 961 3910 laeticia
979 3862 1048 3911 Flor.
1065 3863 1097 3911 31
1116 3861 1206 3911 Gamb.
1224 3861 1291 3922 vulg.

81 3946 165 3998 Lech.
184 3945 308 4009 wrongly.
471 3947 520 3998 887
537 3947 610 4008 quali
632 3945 663 4004 B,
682 3946 767 4008 qualis
790 3944 820 4002 A,
839 3947 923 4009 quoles
943 3944 966 3992 A
985 3959 1049 3996 corr.
1072 3945 1141 3996 Nico.
1167 3943 1236 3996 Flor.
1261 3946 1293 3993 31

78 4029 175 4082 ‚Oamb
252 4030 334 4077 ubere.
359 4029 437 4077 atera
458 4026 566 4077 Lamo:
591 4027 637 4077 the
660 4030 734 4075 exact
754 4025 861 4088 reading
877 4026 900 4074 is
918 4025 1063 4076 uncertain.
1162 4027 1211 4076 890
1227 4028 1295 4076 inter

84 4121 179 4163 terram
186 4110 265 4162 Laoh.
277 4110 335 4160 first
346 4111 386 4160 for
397 4113 426 4160 ia
438 4117 547 4183 terram:
565 4109 637 4158 older
646 4109 743 4158 editors
754 4109 820 4158 have
830 4108 973 4158 blundered
985 4108 1122 4170 strangely.

118 4196 167 4246 893
194 4209 234 4244 res
258 4192 340 4243 added
363 4192 398 4256 by
422 4192 493 4242 Nico.
516 4194 539 4242 B
559 4206 624 4243 corr.
645 4196 692 4242 etc.
857 4193 906 4243 900
924 4193 1040 4254 flammai
1065 4191 1141 4241 Pont.
1165 4190 1238 4240 Junt.
1255 4190 1296 4240 lor

77 4280 214 4342 flamme:
242 4290 259 4325 8
284 4275 377 4337 simple
400 4273 549 4335 correction,
575 4277 619 4336 yet
642 4271 795 4324 overlooked
819 4273 854 4335 by
876 4288 955 4336 many
979 4273 1008 4323 of
1030 4273 1075 4322 the
1090 4272 1158 4322 later
1182 4271 1293 4321 editors:

83 4373 149 4410 even
176 4357 289 4418 Nauger.
314 4355 363 4406 has
389 4355 450 4406 here
478 4355 595 4405 deserted
622 4355 696 4407 June.
724 4355 776 4405 and
800 4354 875 4404 reads
899 4356 1030 4417 fulserunt
1051 4356 1169 4416 flurnmae
1193 4354 1294 4416 fulgore
