2842 4860
760 250 790 312 V

257 418 355 497 atque
377 411 442 476 alia
463 411 550 475 illius
572 409 713 496 reparari
734 401 769 474 iri
791 417 884 496 parte
907 411 1048 497 locoque,

257 515 419 580 difficilest
441 515 565 580 ratione
588 515 700 579 docere
723 523 757 578 et
779 515 907 579 vincere
929 514 1044 592 verbis,

258 617 367 681 ordine
390 640 464 681 cum
484 618 607 703 possint
628 619 696 680 tam
719 624 807 680 certo
829 617 935 680 multa
957 616 1064 680 creari

257 719 285 782 it
307 742 364 783 ver
385 728 419 784 et
442 721 561 796 Venus,
585 727 619 783 et
641 719 777 816 Veneris
799 719 1012 803 praenuntius
1034 727 1111 783 ante

257 830 418 906 pennatus
441 822 596 908 graditur,
619 822 750 907 zephyri
772 823 911 908 vestigia
931 830 1063 907 propter

258 926 354 990 Flora
376 926 494 1011 quibus
517 933 621 989 mater
642 948 872 1011 praespargens
894 934 970 989 ante
993 926 1058 990 viai

256 1037 374 1093 cuncta
395 1028 553 1092 coloribus
575 1029 713 1115 egregiis
736 1037 770 1093 et
793 1029 942 1094 odoribus
966 1030 1084 1115 opplet.

257 1132 332 1196 inde
355 1132 415 1196 loci
437 1132 584 1218 sequitur
605 1133 691 1196 calor
713 1132 821 1196 aridus
844 1141 878 1197 et
900 1156 1006 1197 comes
1027 1157 1094 1197 una

257 1236 484 1321 pulverulenta
507 1235 603 1322 Ocres
626 1245 655 1300 et
677 1236 779 1299 etesia
801 1236 902 1322 fiabra
923 1237 1118 1321 aquilonum.

258 1340 333 1403 inde
356 1347 533 1403 autumnus
555 1339 633 1416 adit,
654 1338 802 1425 graditur
824 1340 921 1403 simul
944 1341 1069 1405 Euhius
1092 1341 1193 1405 Euan

256 1443 331 1508 inde
355 1444 436 1507 aliae
459 1451 669 1528 tempestates
691 1444 846 1529 ventique
868 1452 1030 1521 secuntur,

257 1547 433 1612 altitonans
454 1547 633 1611 Volturnus
656 1554 690 1609 et
712 1554 823 1610 auster
843 1546 979 1610 fulmine
1001 1547 1131 1632 pollens
1322 1564 1379 1632 745

258 1646 391 1710 tandem
412 1646 529 1709 bruma
549 1645 640 1708 nives
662 1645 767 1709 adfert
788 1645 982 1730 pigrumque
1005 1644 1143 1730 rigorem

257 1748 380 1813 reddit:
411 1748 538 1832 hiemps
560 1747 708 1833 sequitur
729 1748 890 1832 crepitans
912 1747 995 1811 hanc
1017 1746 1170 1812 dentibus
1192 1749 1281 1835 algu.

257 1875 321 1938 quo
343 1853 451 1916 minus
474 1861 523 1918 est
546 1853 665 1916 mirum
688 1853 716 1917 si
737 1861 824 1916 certo
847 1860 992 1937 tempore
1015 1853 1094 1917 luna

257 1957 403 2044 gignitur
425 1964 459 2020 et
482 1964 569 2020 certo
591 1956 719 2020 deletur
740 1963 885 2040 tempore
908 1978 1010 2032 rusus,

258 2083 332 2124 cum
355 2059 425 2123 fieri
446 2059 570 2144 possint
592 2067 661 2123 tam
684 2068 771 2124 certo
793 2067 938 2144 tempore
961 2059 1072 2123 multa
1320 2076 1382 2144 750

303 2163 386 2228 Solis
408 2164 489 2227 item
512 2185 639 2248 quoque
661 2163 807 2227 defectus
829 2163 988 2248 lunaeque
1011 2162 1151 2253 latebras

257 2266 405 2351 pluribus
428 2289 445 2331 e
468 2266 572 2331 causis
594 2266 664 2330 fieri
686 2267 749 2330 tibi
770 2289 862 2352 posse
884 2266 1106 2351 putandumst.

257 2393 333 2434 nam
356 2393 413 2434 cur
435 2371 512 2435 luna
534 2378 632 2455 queat
655 2379 773 2434 terram
796 2371 958 2435 secludere
981 2371 1056 2434 solis

258 2477 381 2541 lumine
404 2484 438 2539 et
461 2498 481 2538 a
502 2475 596 2538 terris
618 2475 723 2539 altum
746 2482 844 2560 caput
866 2475 1031 2539 obstruere
1054 2475 1092 2552 ei,

258 2579 399 2644 obiciens
421 2601 552 2642 caecum
573 2577 671 2642 radiis
693 2578 882 2642 ardentibus
904 2581 1032 2659 orbem;
1319 2596 1357 2666 75
1363 2597 1378 2664 5

258 2692 403 2768 tempore
426 2683 538 2746 eodem
561 2683 650 2746 aliud
673 2684 776 2747 facere
798 2682 832 2746 id
854 2706 919 2747 non
940 2706 1032 2769 posse
1054 2692 1190 2769 putetur

258 2808 371 2872 corpus
395 2785 480 2871 quod
503 2808 627 2848 cassum
650 2785 778 2849 labatur
799 2785 921 2849 lumine
944 2792 1092 2871 semper?

258 2890 368 2975 solque
391 2911 465 2952 suos
487 2888 587 2951 etiam
609 2887 774 2952 dimittere
797 2888 969 2974 languidus
991 2890 1076 2976 ignis

257 3002 402 3078 tempore
424 3015 481 3057 cur
503 3000 590 3056 certo
612 3000 753 3077 nequeat
774 3015 980 3079 recreareque
1002 2994 1121 3072 lumen,

257 3120 331 3161 cum
354 3098 422 3162 loca
443 3096 611 3182 praeteriit
634 3097 772 3160 flammis
794 3097 912 3161 infesta
933 3120 992 3182 per
1013 3122 1114 3176 auras,
1318 3105 1383 3187 760

257 3223 339 3286 quae
362 3201 485 3266 faciunt
507 3200 592 3287 ignis
613 3200 824 3287 interstingui
846 3207 945 3285 atque
967 3203 1094 3288 perire?

169 3404 363 3456 310amhetc.
431 3407 478 3457 733
490 3407 606 3454 aborisci.
641 3406 746 3454 obolisci
754 3404 806 3456 AB.
817 3407 924 3455 01010101·
936 3406 1001 3456 Mar.
1009 3406 1084 3456 Junt.
1116 3408 1382 3464 aboririBrix.Pont.

169 3487 264 3538 Avanc
297 3490 435 3538 abolescere
445 3487 537 3540 Lamb.
633 3487 1153 3551 736001111111111011111110011.10007501
1166 3493 1254 3542 videas
1266 3493 1382 3558 byFlor.

171 3571 203 3619 31
215 3569 304 3619 Camb.
316 3571 382 3620 Mar.
393 3570 461 3632 vulg.
576 3572 624 3621 737
639 3573 749 3621 Veneris.
783 3572 936 3622 verisPont.
950 3561 1034 3623 Bentl
1049 3573 1124 3624 ch.
1138 3573 1219 3624 Lech.
1333 3582 1383 3632 738

170 3653 283 3716 zephyri.
316 3654 439 3718 zephyrus
451 3653 526 3703 Pont.
539 3653 605 3703 Mar.
617 3652 675 3703 Ald.
688 3656 702 3703 1
714 3654 787 3703 Junt.
800 3655 876 3716 vulgo
887 3654 980 3705 Lech:
997 3654 1044 3705 but
1055 3670 1098 3705 see
1108 3659 1184 3705 notes
1195 3658 1219 3708 2.
1334 3663 1383 3713 742

170 3735 351 3784 Pulveruleota
364 3737 436 3785 Ceres
448 3736 523 3786 Pont.
538 3735 602 3786 Mur.
617 3735 675 3784 Ald.
686 3737 700 3783 1
712 3736 785 3785 111111.
798 3737 839 3785 101
849 3738 1005 3787 Ρ111001111110
1018 3739 1099 3787 Ocres.
1133 3747 1157 3788 et
1171 3738 1255 3789 added
1265 3740 1302 3805 by
1314 3742 1383 3795 Mar.

170 3815 228 3865 Ald.
247 3817 261 3865 1
278 3815 351 3867 Junt.
469 3817 517 3868 747
533 3818 629 3867 Reddit
645 3816 714 3866 Flor.
732 3819 764 3866 31
782 3818 869 3870 (lamb.
890 3818 931 3868 101
946 3819 1031 3870 Redit.
1067 3821 1157 3870 Prodit
1174 3822 1277 3886 bierupc,
1298 3826 1380 3881 Lech,

170 3900 296 3961 crepitans
306 3897 375 3948 Flor.
388 3899 417 3947 31
430 3898 488 3949 Vnt.
503 3898 574 3946 Mon.
586 3898 657 3946 Brix.
669 3898 709 3946 for
721 3900 855 3950 creditam.
891 3900 1105 3964 bancBrightly.
1138 3902 1209 3954 acA.
1235 3911 1384 3960 accentibus

170 3981 224 4041 alpi
241 3980 312 4029 Nico.
329 3981 397 4032 Flor.
418 3982 448 4030 31
467 3980 557 4030 (lamb.
576 3981 646 4032 Mon.
667 3981 728 4030 Vat.
745 3981 820 4031 Junt.
854 3984 915 4044 alac
930 3983 1015 4046 Bergk
1031 3983 1072 4032 101
1087 3986 1150 4046 alpi.
1192 3987 1268 4048 019111
1284 3988 1380 4044 Lamb.

170 4063 243 4125 01901
253 4061 333 4112 Lech.
433 4065 481 4115 750
486 4066 548 4128 fleri
560 4064 625 4113 Mar.
637 4064 694 4115 Ald.
710 4065 809 4115 1Junt.
824 4064 865 4114 101
869 4068 939 4129 fleri.
966 4069 1059 4128 florere
1071 4076 1164 4129 queant
1175 4082 1225 4118 one
1236 4068 1298 4121 Vnt.

205 4146 252 4196 753
263 4147 323 4195 solis
333 4145 425 4196 Lamb.
436 4146 493 4196 first
504 4147 544 4196 for
551 4150 640 4210 possis.
673 4163 757 4210 posces
769 4148 835 4197 Mar.
847 4148 904 4199 Ald.
921 4149 934 4197 1
946 4149 1021 4198 Junt.
1152 4150 1199 4203 761
1213 4155 1304 4215 perire
1313 4154 1385 4209 Μαι.

170 4225 226 4275 ald.
245 4226 258 4273 1
276 4226 351 4276 Junt.
369 4226 408 4276 101
420 4229 511 4290 periri.
552 4227 703 4277 Fleckeisen
719 4227 780 4278 krit.
806 4228 940 4279 miscellen
957 4244 983 4292 p.
1001 4232 1032 4281 55
1049 4230 1156 4280 defends
1173 4234 1258 4296 periri·
1280 4248 1320 4288 on
1336 4235 1386 4291 sb

169 4309 279 4370 analogy
291 4308 319 4358 01
327 4310 399 4372 fieri,
411 4309 452 4359 101
461 4309 546 4359 which
558 4310 661 4360 Ennius
672 4326 735 4360 ann.
749 4313 780 4360 15
791 4311 840 4361 has
851 4314 930 4374 fiere,
944 4311 1038 4361 andos
1052 4313 1137 4362 veniri
1148 4312 1305 4369 semotim

171 4391 211 4440 101
221 4393 319 4441 venire:
336 4392 383 4441 but
395 4391 438 4442 the
451 4391 532 4442 scribe
543 4407 595 4442 was
607 4393 807 4456 unconsciously
817 4393 910 4442 misled
921 4394 955 4456 by
966 4392 1011 4443 the
1022 4393 1097 4444 other
1107 4393 1247 4449 infinitivo.
