2842 4860
679 241 728 305 VI

186 426 265 489 quos
286 401 396 467 miseri
418 402 562 477 credunt,
585 400 690 486 ignari
713 400 791 486 quid
813 409 912 486 queat
934 423 1012 479 esse,

186 505 265 592 quid
286 514 436 592 nequeat,
458 505 552 568 finita
573 512 717 589 potestas
739 504 878 590 denique
901 503 1018 590 cuique

186 632 327 696 quanam
350 609 394 674 sit
416 608 534 673 rationi
556 615 655 692 atque
677 607 744 671 alte
766 607 926 673 terminus
947 607 1084 672 haerens
1096 631 1105 688 ;

185 735 249 800 quo
271 712 375 800 magis
398 721 541 779 errantes
563 733 658 776 caeca
679 710 803 776 ratione
827 711 982 776 seruntur.

185 839 268 902 quae
291 815 355 880 nisi
376 815 500 902 respuis
523 837 563 879 ex
585 813 693 878 animo
716 813 875 901 longeque
897 813 1039 879 remittis

186 919 235 984 dis
257 918 391 1005 indigna
413 926 529 1004 putare
551 916 721 1002 alienaque
743 918 832 1003 pacis
854 940 974 996 eorum,

185 1023 329 1089 delibata
351 1023 448 1088 deum
470 1045 528 1108 per
550 1031 584 1088 te
607 1024 670 1090 tibi
693 1023 829 1089 numina
850 1030 963 1088 sancta

185 1148 280 1212 saepe
303 1126 461 1206 oberunt3
490 1149 640 1213 nonque
663 1127 776 1193 violari
798 1149 925 1191 summa
947 1126 1044 1191 deum
1067 1124 1117 1190 vis

186 1230 296 1318 possit,
317 1239 356 1294 ut
378 1253 418 1295 ex
440 1229 489 1294 ira
509 1253 630 1316 poenas
652 1241 765 1319 petere
785 1229 914 1295 inbibat
936 1229 1025 1307 acris,

186 1335 243 1400 sed
264 1334 342 1421 quie
363 1342 435 1399 tute
458 1335 521 1400 tibi
542 1336 670 1421 placida
691 1361 765 1403 cum
788 1359 866 1422 pace
890 1335 1016 1421 quietos

186 1442 364 1507 constitues
385 1464 519 1528 magnos
541 1441 662 1507 irarum
685 1443 812 1507 volvere
835 1440 961 1518 fluctus,

186 1568 246 1610 nec
268 1546 403 1611 delubra
424 1546 522 1610 deum
544 1547 670 1632 placido
693 1571 766 1614 oum
788 1553 918 1633 pectore
940 1542 1052 1622 adibis,

187 1674 246 1717 nec
268 1651 309 1716 de
331 1673 460 1737 corpore
483 1674 565 1737 quae
588 1661 699 1718 sancto
721 1653 893 1718 simulacra
914 1651 1063 1716 feruntur

186 1754 222 1818 in
243 1762 369 1821 mentes
392 1754 560 1823 hominum
583 1755 712 1822 divinae
735 1756 853 1820 nuntia
874 1756 1004 1831 formae,

187 1857 347 1944 suscipere
369 1857 449 1923 haec
470 1857 571 1923 animi
593 1859 769 1946 tranquilla
790 1882 869 1946 pace
891 1858 1020 1923 valebis

187 1962 263 2027 inde
285 1960 394 2026 videre
417 1961 494 2026 lieet
515 1962 619 2048 qualis
641 1963 706 2028 iam
729 1963 799 2028 vita
821 1970 982 2049 sequatur.

187 2088 285 2152 quam
308 2065 439 2151 quidem
461 2072 499 2129 ut
522 2088 543 2130 a
563 2066 661 2131 nobis
677 2066 760 2131 ratio
782 2067 949 2132 verissima
970 2067 1065 2153 longe

187 2170 308 2248 reiciat,
331 2193 526 2256 quamquam
549 2180 626 2237 sunt
648 2195 669 2237 a
690 2195 742 2237 me
765 2173 871 2237 multa
892 2171 1044 2258 profecta,

187 2275 292 2339 multa
313 2281 424 2338 tamen
445 2282 570 2339 restant
592 2283 626 2341 et
648 2285 725 2341 sunt
747 2277 889 2342 ornanda
910 2275 1021 2361 politis

187 2376 332 2442 versibus
342 2401 350 2458 3
382 2385 432 2442 est
453 2377 536 2441 ratio
559 2378 639 2443 caeli
660 2380 840 2465 speciesque
863 2379 1014 2456 tenenda,

188 2491 265 2548 sunt
287 2489 498 2569 tempestates
520 2490 555 2547 et
577 2483 714 2549 fulmina
735 2485 821 2549 clara
842 2483 994 2560 canenda,

188 2585 267 2672 quid
289 2584 409 2649 faciant
431 2591 465 2649 et
487 2585 614 2671 quade
636 2609 734 2651 eausa
753 2609 892 2671 cumque
915 2588 1078 2668 ferantur3

189 2711 230 2753 ne
253 2688 395 2775 trepides
417 2688 497 2752 caeli
519 2688 630 2754 divisis
651 2690 799 2776 partibus
821 2713 941 2769 amens,

189 2791 276 2856 unde
298 2791 409 2856 volans
431 2790 516 2878 ignis
537 2792 722 2880 pervenerit
743 2800 802 2858 aut
824 2792 860 2856 in
880 2801 989 2858 utram
1011 2815 1045 2858 se

189 2896 323 2961 verterit
345 2896 420 2961 hinc
441 2896 570 2982 partim,
592 2920 656 2982 quo
678 2905 773 2983 pacto
795 2920 854 2983 per
875 2898 944 2962 loca
965 2905 1079 2984 saepta

189 2999 371 3078 insinuarit,
393 3008 428 3064 et
449 2999 525 3065 hinc
548 2999 733 3065 dominatus
755 3008 794 3065 ut
816 3001 971 3065 extulerit
993 3024 1035 3066 se.

189 3112 228 3170 tu
250 3103 332 3168 mihi
353 3125 521 3189 supremae
543 3103 742 3190 praescribta
762 3103 804 3168 ad
826 3102 964 3169 candida
985 3103 1081 3170 calcis

190 3209 333 3276 currenti
354 3208 496 3295 spatium
518 3216 747 3295 praemonstra,
769 3208 886 3274 callida
906 3231 1000 3274 musa

192 3312 345 3398 Calliope,
366 3311 494 3398 requies
516 3312 684 3377 hominum
706 3312 878 3398 divomque
900 3312 1058 3398 voluptas,

105 3492 150 3542 the
166 3490 268 3554 margin
284 3490 312 3540 in
328 3489 371 3540 his
387 3490 464 3541 usual
480 3489 593 3540 fashion.
724 3490 756 3540 68
773 3492 892 3554 lunaeque
908 3488 978 3541 Nice.
992 3489 1033 3541 for
1047 3491 1174 3553 uncique.
1208 3492 1317 3542 remites

104 3573 569 3625 1101.31001111).Β1111.101101111111.
682 3573 713 3626 71
730 3571 1093 3622 oberuutWak.loroder1mt.
1126 3572 1238 3622 aderunt
1249 3572 1315 3626 Mu.

105 3656 164 3706 Ald.
176 3657 190 3704 1
203 3657 277 3705 June.
287 3656 379 3706 Lamb.
392 3660 440 3706 eto.
540 3658 571 3708 72
583 3672 614 3706 ee
624 3658 667 3705 ira
677 3655 743 3706 Mar.
756 3654 815 3704 Ald.
829 3656 843 3703 1
854 3655 929 3705 Junt.
943 3654 983 3704 for
994 3657 1072 3704 exire.
1171 3655 1204 3707 73
1219 3657 1317 3719 quieto·

105 3739 171 3789 Mar.
182 3739 256 3788 June.
269 3737 309 3788 for
320 3742 425 3801 quietus.
525 3739 557 3791 74
567 3741 663 3802 fluetus
674 3738 743 3788 Flor.
756 3739 787 3788 31
799 3739 864 3790 Mar.
877 3738 936 3788 Ald.
949 3739 963 3787 1
976 3737 1049 3788 June.
1062 3736 1102 3787 lor
1112 3738 1201 3800 fletur.

139 3821 170 3874 76
182 3822 303 3885 feramen
312 3820 384 3872 Bria.
397 3819 455 3870 Ald.
468 3821 482 3868 1
494 3820 510 3869 J
512 3823 568 3872 unt.
580 3820 636 3886 (not
646 3821 722 3873 Pont.
734 3835 764 3870 or
774 3819 850 3886 Mar.)
863 3820 904 3869 for
909 3821 1025 3882 fuerunt.
1055 3820 1146 3883 seruat
1156 3817 1218 3870 Ver.
1229 3819 1297 3871 Van.

138 3904 170 3954 82
181 3903 373 3953 teutomodo.
407 3911 465 3952 caat
477 3905 601 3952 tornando
611 3903 681 3952 Flor.
694 3904 725 3952 31
737 3902 850 3954 Politian
860 3902 889 3951 in
900 3917 981 3964 marg.
993 3901 1062 3952 Flor.
1074 3902 1115 3953 29.

138 3987 170 4034 83
181 3993 218 4035 eet
232 3986 299 4034 ratio
314 3987 379 4035 coeli
392 3986 478 4046 (coelis
493 3985 576 4051 Bria)
589 3988 729 4049 speciesque
743 3985 850 4035 tenende
860 3984 931 4036 Brix.
944 3984 1041 4034 Avano.
1052 3980 1144 4032 Lamb.
1156 3981 1198 4034 ed.
1211 3983 1318 4037 101101

106 4069 146 4118 for
162 4075 199 4118 eet
214 4070 281 4118 ratio
298 4068 423 4129 coelisque
439 4070 559 4119 tenenda:
578 4068 624 4117 the
639 4067 721 4117 scribe
737 4067 846 4117 omitted
860 4069 940 4130 speeie
955 4065 1065 4116 because
1081 4064 1108 4116 01
1123 4063 1170 4115 the
1186 4064 1319 4133 following

105 4160 198 4216 aquete.
233 4158 269 4201 eet
279 4153 347 4201 ratio
353 4152 472 4214 soluendi
483 4153 569 4213 uisque
582 4152 687 4200 tenendi
698 4149 777 4202 Laeh.
788 4149 872 4200 which
884 4163 967 4199 seems
979 4151 1007 4199 to
1014 4162 1058 4197 me
1065 4150 1136 4198 most
1143 4146 1317 4211 improbable.

107 4242 143 4283 eet
154 4235 221 4283 ratio
232 4247 347 4296 superum
358 4233 470 4294 coelique
481 4231 549 4282 Flor.
564 4231 595 4280 31
608 4231 696 4283 Gamb.
712 4233 798 4284 auat.
811 4229 903 4281 bamb.
918 4229 958 4279 ed.
970 4231 995 4278 3.
1118 4227 1219 4281 85-83
1232 4226 1317 4285 M

106 4316 221 4366 encloses
236 4314 265 4364 in
282 4315 322 4376 [].
449 4313 481 4364 90
499 4314 596 4364 91:56
614 4315 690 4364 57=1
707 4314 754 4363 153
773 4314 834 4362 154:
855 4325 898 4363 see
914 4310 1003 4361 above.
1036 4307 1116 4360 101011,
1130 4307 1231 4363 eumin
1245 4308 1320 4365 th·

107 4400 177 4451 bere.
260 4400 291 4448 92
303 4400 337 4447 ud
348 4398 459 4448 candido
470 4400 547 4448 eane
559 4398 650 4448 Lamb.
660 4398 712 4452 end
723 4398 859 4450 Turnebus
870 4397 911 4445 sor
921 4411 951 4446 oe
963 4396 1074 4446 candido
1084 4395 1173 4446 oudin:
1190 4409 1209 4446 ι
1218 4394 1304 4449 estid
