2842 4860
236 535 346 599 mollia
367 557 440 599 cum
462 535 597 598 faciunt.
642 556 718 596 nam
741 555 854 597 sensus
875 534 1024 620 iungitur
1044 534 1149 597 omnis

235 639 408 703 visceribus
429 638 536 703 nervis
557 637 658 714 venia,
680 659 764 722 quae
786 637 903 722 cuique
925 639 1072 703 videmus
1288 655 1352 722 905

234 743 345 806 mollia
366 741 496 807 mortali
518 740 691 805 consistere
713 763 844 824 corpore
866 750 962 805 creta

235 847 292 910 sed
313 855 424 910 tamen
445 854 515 909 esto
537 846 602 908 iam
624 867 716 930 posse
738 845 818 909 haec
840 855 973 910 aeterna
993 869 1141 911 manere:

235 973 353 1035 nempe
375 960 486 1014 tamen
509 949 629 1014 debent
652 959 710 1013 aut
732 973 861 1014 sensum
885 951 987 1035 partis
1008 952 1128 1016 habere

234 1063 292 1117 aut
315 1053 412 1117 simili
434 1053 514 1117 totis
535 1052 731 1117 animalibus
753 1076 822 1117 esse
843 1053 959 1139 putari

235 1166 271 1221 at
293 1166 456 1242 nequeant
478 1179 537 1242 per
558 1179 592 1220 se
614 1166 723 1242 partes
745 1157 864 1220 sent-ire
886 1180 1013 1221 necesse
1035 1167 1105 1233 est;

235 1282 375 1346 namque
398 1260 461 1324 alio
484 1283 596 1324 sensus
617 1261 836 1324 membrorum
857 1262 988 1347 respicit
1009 1263 1121 1338 omnia,

235 1386 294 1428 nec
316 1386 431 1427 manus
453 1386 474 1426 a
494 1364 586 1427 nobis
608 1363 694 1448 potis
716 1372 766 1427 est
788 1373 911 1428 secreta
932 1388 1037 1450 neque
1058 1367 1128 1429 ulla

235 1469 374 1552 corporis
396 1468 527 1532 0111110
549 1491 679 1532 sensum
701 1491 775 1553 pars
796 1469 865 1534 sola
885 1479 1004 1535 tenere.

235 1571 395 1656 linquitur
415 1580 454 1635 ut
476 1571 555 1636 totis
576 1571 797 1636 animantibus
818 1573 1063 1638 adsimulentur.

145 1692 208 1756 923
232 1675 277 1738 sie
299 1675 413 1738 itidem
435 1697 518 1760 quae
540 1674 698 1738 sentimus
720 1675 840 1740 sentire
862 1686 1031 1752 necessest,

149 1795 210 1858 915
236 1778 328 1841 vitali
351 1786 390 1841 ut
411 1778 536 1863 possint
558 1778 737 1842 consentire
760 1779 905 1864 undique
928 1802 1032 1845 sensu.

236 1883 293 1967 qui
315 1890 468 1967 poterunt
490 1881 592 1966 igitur
613 1904 722 1946 rerum
744 1882 920 1966 primordia
942 1883 1006 1947 diei

237 1994 270 2050 et
292 1986 352 2049 leti
374 1986 477 2049 vitare
499 1985 575 2061 vias,
598 1985 752 2048 animalia
773 2008 846 2049 eum
869 1986 944 2061 sint,

237 2091 342 2172 adque
364 2088 518 2152 animalia
539 2088 603 2152 siat
625 2088 816 2152 mortalibus
837 2111 903 2152 una
925 2089 1125 2175 eademque?

236 2191 323 2278 quod
344 2200 454 2256 tamen
476 2199 515 2255 ut
536 2191 670 2276 possint,
691 2198 727 2255 at
749 2200 843 2256 coetu
866 2193 1065 2277 concilioque
1288 2212 1353 2276 920

149 2315 215 2380 920
236 2297 282 2359 nil
304 2296 424 2360 facient
446 2304 575 2380 praeter
595 2295 727 2379 volgum
749 2296 941 2379 turbamque
964 2297 1177 2373 animantum,
1228 2281 1231 2284 ⁴

237 2401 358 2466 seilicet
380 2411 418 2464 ut
440 2383 605 2485 nequeant
626 2400 774 2464 homines
795 2410 943 2465 armenta
963 2401 1114 2486 feraeque

237 2506 322 2570 inter
343 2527 412 2568 sese
434 2505 535 2568 ullam
557 2526 625 2567 rem
647 2505 781 2590 gignere
803 2504 1036 2569 conveniundo.

149 2627 216 2692 924
237 2609 322 2695 quod
344 2609 372 2673 si
393 2609 476 2673 forte
498 2630 594 2672 suum
616 2607 790 2672 dimittunt
812 2630 940 2692 corpore
963 2631 1092 2673 sensum

236 2723 335 2799 atque
357 2714 456 2778 alium
480 2712 622 2797 capiunt,
644 2712 723 2797 quid
745 2734 825 2797 opus
849 2713 911 2776 fuit
933 2713 1077 2777 adtribui
1099 2712 1133 2776 id
1156 2714 1242 2799 quod
1287 2723 1348 2797 '925

236 2817 443 2883 detrahitur?
471 2825 543 2880 tum
566 2825 741 2901 praeterea,
765 2839 829 2901 quo
851 2817 994 2902 fugimus
1015 2825 1101 2894 ante,
1158 2850 1164 2859 ·

237 2931 398 3008 quatenus
420 2923 455 2985 in
477 2922 582 3007 pullos
604 2921 753 2985 animalis
775 2921 894 2986 vertier
915 2944 975 2985 ova

237 3028 397 3093 cernimus
419 3027 559 3091 alituum
581 3027 763 3111 vermisque
786 3026 946 3102 effervere,
969 3034 1089 3091 terram

237 3131 481 3216 intempestivos
503 3153 600 3215 quom
623 3139 721 3214 putor
742 3129 830 3215 oepit
852 3129 894 3193 ob
916 3128 1037 3205 imbria,

238 3236 317 3299 seire
339 3235 415 3298 lieet
437 3234 528 3320 gigni
549 3255 641 3318 posse
664 3256 704 3296 ex
725 3255 790 3296 non
813 3231 951 3296 sensihu’
975 3254 1094 3297 sensus.
1288 3253 1354 3317 930

281 3337 376 3417 Quod
398 3337 425 3400 si
448 3337 530 3400 forte
551 3335 669 3420 aliquis
691 3335 777 3399 dicet
800 3335 972 3399 dumtaxat
994 3335 1069 3399 oriri

184 3576 231 3626 905
243 3576 331 3636 cuique
344 3572 394 3622 Ed.
407 3574 568 3636 toruumque.
601 3582 692 3622 1101110
703 3574 781 3625 Laeh.
915 3577 963 3626 909
974 3578 1053 3624 simili
1064 3577 1146 3626 Laoh.
1158 3576 1198 3626 101
1208 3581 1307 3630 similia.

184 3658 233 3708 910
250 3658 285 3704 At
304 3655 369 3704 Mar.
387 3656 461 3703 Junt.
480 3656 520 3703 101
539 3659 599 3704 Aut.
698 3658 744 3708 911
763 3660 815 3706 ulio
832 3657 911 3709 Laoh.
932 3660 972 3708 101
988 3662 1061 3718 alios,
1073 3663 1177 3722 respicit
1193 3661 1233 3710 101
1249 3666 1353 3726 respuit.

152 3741 219 3788 Nom
240 3741 307 3787 ratio
327 3739 406 3787 Bern.
425 3739 464 3786 for
480 3741 595 3802 Namque
612 3741 686 3800 alios,
707 3740 836 3802 retaining
851 3744 953 3804 respuit.
1073 3743 1120 3792 915
1139 3743 1206 3807 (923)
1236 3745 1250 3792 I
1267 3744 1353 3795 follow

152 3821 230 3870 Bern.
243 3819 271 3868 in
282 3820 385 3882 placing
395 3819 450 3868 this
461 3835 531 3869 verse
542 3820 610 3879 here,
622 3821 711 3870 rather
722 3821 787 3871 than
799 3823 877 3871 Laoh.
889 3822 947 3872 who
958 3822 1048 3872 makes
1059 3822 1080 3871 it
1091 3824 1178 3873 follow
1189 3825 1236 3875 916
1250 3826 1326 3891 (915).

185 3904 233 3954 919
252 3906 377 3952 animalia
395 3906 447 3952 aiat
463 3903 543 3952 Lech.
561 3905 601 3954 101
617 3906 781 3954 naturalibus:
802 3919 885 3967 comp.
901 3907 949 3954 458
966 3905 1019 3955 and
1035 3921 1062 3955 1v
1078 3908 1121 3955 81:
1139 3910 1190 3956 aiut
1205 3923 1257 3957 was
1273 3908 1355 3959 added

151 3985 186 4048 by
205 3985 271 4033 Mar.
289 3983 342 4033 and
361 3985 436 4034 11111.
527 3987 576 4037 920
592 3993 620 4035 at
636 3995 707 4036 coetu
726 3987 798 4036 Mon.
816 3988 895 4039 Laoh.
915 3989 1110 4038 1010110011ιο.
1145 3991 1177 4038 011
1194 3997 1264 4039 coetu
1280 3992 1353 4040 Junt.

152 4074 266 4117 eoruretu
282 4066 396 4116 Politian
412 4066 441 4114 in
460 4081 541 4128 marg.
560 4067 630 4116 Flor.
648 4069 687 4118 29.
819 4071 868 4120 922
883 4077 1015 4131 nequeant.
1053 4077 1177 4132 nequeunt
1195 4070 1247 4119 Gif.
1267 4071 1352 4122 Bentl.

151 4148 244 4196 Lech:
261 4147 309 4195 but
320 4146 364 4195 the
375 4147 501 4208 potentia]
512 4147 535 4196 is
546 4147 574 4196 in
585 4149 664 4210 place.
792 4151 840 4200 926
852 4165 899 4213 quo
906 4152 1019 4213 sopimus
1030 4150 1103 4200 Wah
1118 4151 1158 4200 101
1170 4153 1235 4213 quod
1242 4154 1355 4215 sapimus

152 4228 237 4278 which
247 4226 326 4278 Lech.
340 4227 369 4276 in
380 4226 441 4277 vain
455 4227 572 4277 defends:
595 4228 639 4277 the
650 4234 710 4291 poet
721 4231 800 4279 refers
810 4234 838 4281 to
850 4233 898 4283 870
909 4245 974 4292 sqq„
986 4235 1033 4279 not
1045 4234 1072 4281 to
1083 4232 1140 4281 886.
1173 4235 1240 4295 quod
1250 4236 1355 4284 uicimus

152 4310 201 4360 Ed.
219 4309 247 4359 in
266 4309 341 4358 small
361 4308 400 4358 ed.
499 4312 547 4361 928
564 4313 687 4373 effervere,
706 4319 798 4360 terram
813 4314 1000 4373 Intempestivos
1018 4328 1090 4375 quom
1109 4314 1182 4377 (crem)
1197 4322 1274 4376 putor
1290 4318 1355 4377 cepit

154 4393 218 4442 Mar.
238 4393 278 4441 101
300 4395 415 4455 effervere
438 4400 456 4441 t.
479 4395 669 4456 Intempestivos
689 4411 763 4455 quum
776 4411 803 4456 p.
824 4397 890 4457 repit
908 4395 938 4452 A,
956 4398 1036 4456 eoepit
1052 4396 1083 4443 B.
1149 4398 1265 4456 effervere
1285 4397 1354 4446 Nico.
