2842 4860
728 215 747 279 I

223 381 377 449 terrificet
398 379 508 446 morbo
528 377 671 457 adfectis,
693 398 868 461 somnoque
889 376 1033 461 sepultis

223 508 354 552 cernere
372 484 422 550 uti
442 483 611 548 videamur
632 504 685 546 eos
705 481 880 566 audireque
900 503 1016 557 coram,

224 597 327 655 morte
347 588 437 654 obita
456 609 593 672 quorum
611 586 709 652 tellus
730 585 937 670 amplectitur
958 608 1037 651 ossa.

225 715 285 757 nec
303 714 357 756 me
376 690 477 755 animi
497 689 582 754 fallit
603 689 774 754 Graiorum
794 689 929 753 obscura
948 695 1078 773 reperta

226 795 357 862 difficile
378 795 550 859 inlustrare
569 793 694 858 Latinis
713 792 858 857 versibus
880 815 957 869 esse,

227 899 331 964 multa
352 897 444 963 novis
465 896 572 962 verbis
594 895 784 982 praesertim
807 918 882 961 cum
904 896 947 960 sit
968 895 1130 982 agendum

227 1009 358 1086 propter
380 1007 560 1086 egestatem
580 999 712 1084 linguae
732 1007 766 1062 et
785 1020 893 1063 rerum
915 999 1113 1078 novitatem;

227 1105 285 1170 sed
305 1112 364 1170 tua
384 1126 438 1168 me
460 1103 564 1167 virtus
586 1110 698 1166 tamen
720 1108 754 1166 et
777 1110 904 1185 sperata
926 1101 1077 1187 voluptas

228 1208 335 1272 suavis
354 1206 517 1272 amicitiae
536 1207 683 1291 quemvis
703 1205 835 1269 sufferre
854 1205 997 1270 laborem

229 1312 345 1377 suadet
364 1320 398 1376 et
418 1310 544 1374 inducit
563 1316 674 1374 noctes
694 1309 826 1393 vigilare
847 1331 975 1374 serenas

231 1423 442 1500 quaerentem
464 1413 560 1478 dictis
580 1413 699 1498 quibus
721 1420 755 1477 et
775 1435 840 1498 quo
860 1412 1002 1478 carmine
1021 1412 1152 1478 demum

230 1520 316 1584 clara
336 1527 413 1584 tuae
437 1517 556 1602 possim
576 1516 796 1603 praepandere
816 1518 941 1582 lumina
959 1519 1071 1594 menti,

230 1644 280 1687 res
303 1623 421 1708 quibus
443 1623 584 1687 occultas
606 1621 736 1706 penitus
758 1621 923 1686 convisere
944 1622 1053 1707 possis.

275 1725 373 1790 Hunc
393 1725 494 1812 igitur
514 1732 669 1788 terrorem
689 1723 791 1787 animi
813 1724 1028 1809 tenebrasque
1047 1732 1209 1789 necessest

231 1851 296 1893 non
315 1827 398 1893 radii
415 1827 491 1892 solis
512 1849 617 1912 neque
639 1826 746 1891 lucida
765 1827 831 1891 tela
851 1826 916 1890 diei

232 1931 416 2009 discutiant,
438 1932 495 1996 sed
517 1939 653 1996 naturae
676 1930 798 2015 species
820 1931 974 2016 ratioque.

232 2035 427 2121 principium
447 2034 539 2099 cuius
559 2033 635 2097 hinc
655 2032 747 2098 nobis
768 2034 899 2098 exordia
918 2043 1034 2112 sumet,

232 2139 356 2203 nullam
376 2160 445 2202 rem
465 2159 483 2202 e
504 2136 570 2201 nilo
590 2136 680 2221 gigni
700 2136 857 2202 divinitus
877 2159 1042 2223 umquam.

231 2242 351 2328 quippe
371 2242 419 2306 ita
437 2241 573 2305 formido
592 2241 737 2305 mortalis
760 2241 904 2306 continet
925 2243 1036 2320 omnis,

232 2347 319 2432 quod
338 2346 443 2410 multa
462 2346 497 2409 in
516 2345 612 2410 terris
631 2345 700 2409 fieri
719 2345 871 2428 caeloque
891 2353 1025 2410 tuentur

233 2471 369 2535 qnorum
387 2470 521 2533 operum
541 2469 652 2512 causas
673 2447 763 2511 nulla
782 2447 908 2512 ratione
927 2449 1038 2514 videre

232 2561 366 2640 possunt
388 2574 426 2617 ac
445 2552 514 2616 ficri
538 2551 647 2616 divino
666 2551 801 2616 numine
821 2562 942 2617 rentur.

152 2661 212 2739 156
234 2679 315 2743 quas
335 2659 375 2722 ob
395 2678 446 2721 res
465 2656 524 2721 ubi
543 2655 719 2721 viderimus
741 2655 789 2720 nil
807 2678 900 2740 posse
920 2656 1020 2721 creari

235 2762 276 2826 de
298 2760 373 2838 nilo,
396 2770 469 2825 tum
491 2759 577 2844 quod
599 2759 766 2844 sequimur
788 2759 853 2823 iam
875 2760 994 2825 rectius
1015 2761 1091 2826 inde

235 2865 472 2951 perspiciemus
495 2874 529 2929 et
552 2863 639 2928 unde
662 2871 761 2948 queat
783 2885 833 2927 res
856 2885 1003 2949 quaeque
1025 2865 1125 2929 creari

154 2983 211 3051 155
235 2977 269 3034 et
292 2991 356 3054 quo
378 2991 525 3055 quaeque
548 2968 643 3033 modo
665 2967 746 3033 fiant
769 2990 865 3052 opera
887 2969 955 3032 sinc
978 2969 1094 3033 divom.

154 3088 215 3156 159
279 3073 365 3137 Nam
388 3073 415 3138 si
438 3073 478 3138 de
501 3073 567 3137 nilo
589 3073 714 3150 fierent,
736 3095 776 3136 ex
799 3072 940 3136 omnibu’
963 3072 1058 3136 rebus

237 3200 333 3242 omne
354 3200 457 3264 genus
480 3177 569 3242 nasci
590 3185 707 3262 posset,
730 3176 777 3241 nil
798 3176 921 3241 semine
944 3183 1061 3261 egeret.

238 3303 364 3346 emarc
385 3281 525 3367 primum
548 3281 704 3358 homines,
725 3302 742 3344 c
763 3288 849 3344 terra
868 3289 977 3365 posset
997 3280 1071 3343 oriri

237 3386 478 3472 squamigerum
500 3408 603 3471 genus
622 3395 656 3451 et
676 3384 819 3450 volucres
842 3407 1009 3470 erumpere
1031 3386 1117 3449 caelo
1128 3410 1137 3465 ;

237 3498 385 3554 armenta
404 3498 504 3576 atque
526 3491 608 3555 aliae
628 3489 777 3575 pecudes,
798 3512 900 3575 genus
921 3512 1015 3554 omne
1035 3490 1185 3567 ferarum,

238 3594 360 3659 incerto
382 3603 479 3681 partu
501 3595 589 3661 culta
610 3618 648 3660 ac
669 3596 797 3661 deserta
818 3602 976 3661 tenerent.

154 3797 290 3861 Coepieset.
368 3798 416 3849 130
433 3806 484 3848 tum
492 3799 563 3849 Flor.
575 3801 607 3849 25
616 3799 669 3850 and
680 3801 711 3849 31
722 3800 813 3850 camba
825 3815 851 3863 p.
862 3815 897 3852 m.
909 3800 974 3852 Mar.
989 3799 1030 3850 for
1041 3806 1109 3850 tunc.
1189 3799 1235 3846 141
1248 3802 1359 3861 quemvis

153 3883 256 3945 aufferre
267 3879 336 3931 Flor.
358 3882 390 3929 32
405 3879 434 3929 in
450 3881 562 3944 margin,
575 3882 701 3932 Heinsius
718 3882 747 3932 in
762 3898 811 3934 ms.
823 3886 906 3942 notes,
918 3882 972 3933 and
987 3882 1070 3932 Faber
1086 3882 1125 3931 for
1141 3884 1252 3945 quemvis
1263 3884 1359 3945 efferre.

153 3962 201 4028 [So
211 3961 322 4026 perhaps
336 3960 390 4011 Oio.
402 3961 477 4026 epist.
493 3978 542 4013 vm
560 3965 602 4013 12
620 3979 658 4014 we
674 3964 768 4015 should
785 3964 847 4014 read
859 3980 980 4014 sermones
997 3966 1153 4027 suppressit:
1170 3965 1292 4026 expressit
1309 3963 1359 4025 M.]

153 4046 230 4097 Dion.
241 4043 474 4096 detentionum
485 4045 534 4098 has
544 4050 654 4111 quemvis
666 4050 768 4111 aufferre
781 4050 895 4109 laborem,
906 4048 1017 4110 perhaps
1024 4047 1102 4096 taken
1111 4047 1177 4095 from
1186 4046 1247 4095 this.
1310 4048 1358 4095 155

154 4127 236 4177 -158
247 4125 312 4175 Mar.
324 4124 397 4177 dunt.
412 4125 464 4175 and
474 4127 575 4190 margin
584 4129 612 4177 of
619 4128 708 4177 Oamb.
718 4127 784 4178 have
795 4128 867 4179 these
877 4143 915 4177 vs.
925 4127 953 4177 in
964 4127 1034 4190 right
1046 4127 1128 4187 order,
1140 4127 1192 4177 and
1203 4135 1228 4177 et
1239 4128 1280 4177 for
1290 4136 1319 4177 ut
1330 4128 1360 4178 in

155 4208 213 4261 157.
230 4204 457 4267 Avanoiuset,and
464 4209 491 4257 at
498 4208 549 4258 end
556 4209 583 4257 of
589 4208 631 4257 his
638 4208 737 4258 edition
744 4208 772 4257 of
779 4207 873 4259 catull.
880 4208 1072 4272 leochaafight
1080 4209 1161 4260 order.
1182 4209 1360 4259 etPont.also.

205 4287 334 4340 lor-164
355 4302 399 4338 are
421 4288 518 4353 rightly
538 4288 600 4339 thus
622 4289 785 4353 punctuated
804 4290 840 4328 *r
862 4290 864 4296 '
912 4288 933 4328 *h
975 4290 991 4336 1
1009 4290 1065 4343 dud
1086 4289 1204 4342 however
1228 4291 1296 4341 [rom
1316 4291 1361 4340 his

156 4370 233 4436 proci
248 4369 334 4421 theate
349 4369 409 4421 that
425 4371 493 4421 until
513 4371 559 4422 tho
578 4371 643 4423 final
665 4386 696 4423 ru
1064 4372 1092 4425 k
1111 4376 1159 4439 put
1179 4377 1273 4439 astop
1293 4376 1361 4427 after
