2842 4860
757 243 787 306 V

251 430 317 471 non
338 406 436 471 nimis
457 406 588 472 incertis
610 407 695 470 fiunt
717 407 752 471 in
775 407 922 493 partibus
944 406 1029 472 anni.

252 533 392 596 namque
414 510 472 574 ubi
494 511 539 574 sic
561 511 694 574 fuerunt
715 521 885 574 causarum
907 511 1037 575 exordia
1059 511 1172 596 prima,

253 623 351 700 atque
373 615 421 679 ita
442 638 493 679 res
514 615 630 679 mundi
651 615 792 679 cecidere
815 616 856 679 ab
879 616 1001 701 origine
1023 617 1137 701 prima,

253 724 412 803 conseque
434 741 561 804 quoquc
584 719 649 782 iam
671 718 808 782 redeunt
831 741 870 782 ex
893 719 1003 782 ordine
1026 726 1120 783 certo.

298 819 447 885 Crescere
469 821 614 905 itemque
637 820 705 884 dies
728 821 804 885 licet
827 829 860 884 et
883 822 1047 886 tabescere
1069 830 1188 900 noctes,

254 932 289 988 et
310 925 415 989 minui
436 926 532 1002 luces,
555 948 629 988 cum
652 934 783 989 sumant
805 926 959 1012 augmina
980 935 1100 1004 noctes

255 1035 314 1092 aut
337 1029 414 1114 quia
435 1030 481 1094 sol
504 1029 591 1093 idem
614 1031 674 1094 sub
698 1038 799 1093 terras
821 1038 920 1115 atque
942 1054 1080 1116 superne

255 1131 432 1217 imparibus
455 1155 585 1197 currens
608 1133 817 1197 amfractibus
840 1134 981 1198 aetheris
1003 1158 1074 1200 oras

254 1235 356 1320 partit
379 1243 412 1299 et
434 1235 469 1299 in
492 1236 594 1320 partis
616 1259 681 1300 non
703 1248 826 1322 aequas
845 1237 963 1302 dividit
985 1241 1104 1316 orbem,

256 1345 291 1402 et
313 1338 399 1423 quod
420 1339 462 1402 ab
484 1340 642 1402 alterutra
664 1339 806 1403 detraxit
829 1349 930 1426 parte,
953 1342 1081 1427 reponit

256 1441 326 1505 eius
348 1441 384 1504 in
405 1442 539 1506 adversa
560 1450 653 1505 tanto
676 1443 749 1527 plus
772 1452 864 1528 parte
886 1445 1016 1521 relatus,

256 1546 356 1610 donec
378 1547 420 1611 ad
441 1547 476 1610 id
498 1547 627 1633 signum
650 1548 731 1611 caeli
753 1549 910 1633 pervenit,
932 1548 990 1612 ubi
1012 1548 1091 1614 anni

256 1650 360 1714 nodus
381 1659 554 1715 nocturnas
576 1660 736 1737 exaequat
759 1652 885 1715 lucibus
906 1653 1044 1717 umbras,
1147 1699 1149 1703 ι
1226 1678 1229 1683 ·

255 1777 340 1831 nam,
362 1755 468 1819 medio
490 1778 584 1819 cursu
607 1755 704 1819 flatus
726 1755 885 1840 aquilonis
908 1763 941 1820 et
963 1756 1074 1833 austri,

257 1859 392 1924 distinet
415 1868 553 1945 aequato
575 1862 701 1925 caelum
723 1860 907 1924 discrimine
929 1869 1034 1924 metas

257 1970 390 2049 propter
411 1963 555 2050 signiferi
578 1964 756 2048 posituram
779 1964 881 2027 totius
904 1963 997 2040 orbis,

258 2090 367 2131 annua
388 2067 434 2130 sol
457 2067 492 2130 in
514 2090 578 2152 quo
600 2067 763 2131 concludit
785 2075 932 2152 tempora
953 2089 1093 2152 serpens,

259 2171 389 2256 obliquo
411 2179 512 2235 terras
535 2180 569 2236 et
592 2173 717 2236 caelum
741 2173 864 2236 lumine
886 2173 1035 2250 lustrans,

258 2281 298 2337 ut
320 2275 403 2338 ratio
424 2275 566 2339 declarat
589 2298 699 2339 eorum
723 2277 779 2361 qui
801 2276 870 2340 loca
892 2275 974 2339 caeli

260 2375 369 2439 omnia
390 2375 555 2461 dispositis
577 2376 677 2462 signis
700 2385 813 2441 omata
835 2384 997 2441 notarunt.
1101 2428 1104 2434 .

259 2486 318 2542 aut
341 2479 417 2564 quia
439 2479 572 2543 crassior
595 2487 644 2543 est
667 2481 762 2543 certis
784 2480 819 2544 in
842 2480 989 2565 partibus
1012 2502 1075 2556 aer,

259 2582 320 2646 sub
343 2582 437 2646 terris
457 2582 531 2646 ideo
553 2583 730 2646 tremulum
753 2583 847 2647 iubar
869 2584 1012 2648 haesitat
1034 2583 1119 2669 ignis

260 2704 320 2749 nec
342 2693 511 2771 penetrare
533 2694 641 2770 potest
663 2688 755 2751 facile
778 2696 876 2773 atque
899 2711 1062 2775 emergere
1084 2687 1127 2752 ad
1148 2695 1246 2753 ortus.

168 2841 177 2858 ,.
261 2796 432 2874 propterea
454 2797 564 2853 noctes
586 2789 721 2853 hiberno
743 2799 888 2875 tempore
911 2793 1026 2878 longae

261 2899 396 2968 cessant,
419 2891 498 2955 dum
520 2892 631 2956 veniat
653 2893 815 2957 radiatum
838 2894 964 2980 insigne
987 2894 1059 2959 diei

261 3003 320 3059 aut
343 2995 452 3072 etiam,
475 2996 552 3080 quia
574 2997 618 3060 sic
642 2997 775 3061 alternis
798 2999 945 3084 partibus
968 2999 1046 3062 anni

263 3099 387 3164 tardius
410 3108 443 3163 et
466 3099 562 3163 citius
585 3109 780 3165 consuerunt
803 3102 963 3165 confluere
986 3102 1079 3187 ignes

263 3204 319 3290 qui
340 3203 463 3267 faciunt
485 3204 584 3267 solem
607 3212 696 3267 certa
718 3204 889 3289 desurgere
912 3212 1013 3289 parte,

262 3315 433 3394 propterea
455 3307 493 3371 fit
516 3308 567 3371 uti
589 3307 763 3372 videantur
784 3307 889 3372 dicere
911 3331 1026 3372 verum

176 3573 242 3624 Mar.
253 3573 311 3623 Ald.
326 3573 340 3621 1
352 3572 426 3622 Junt.
438 3573 496 3622 first
507 3572 548 3622 ior
559 3575 688 3621 Flumina.
819 3573 867 3624 679
884 3574 1011 3635 Carueqa'e'
1022 3588 1118 3636 quoque
1129 3574 1181 3622 iam
1192 3573 1297 3624 redeunt
1309 3575 1391 3627 Lech.

176 3659 217 3706 for
230 3659 383 3720 Consequiue
401 3671 497 3718 quoque
514 3659 567 3706 iam
583 3671 680 3705 rerum:
700 3671 716 3705 a
732 3655 850 3705 brilliant
863 3655 1038 3705 emendation.
1075 3658 1217 3719 Consequor
1230 3658 1245 3704 2
1257 3655 1321 3707 Vat.
1334 3659 1392 3712 Ver.

177 3736 242 3787 Ven.
277 3738 406 3800 Curaeque
423 3745 517 3786 actura
533 3746 569 3786 est
585 3740 637 3786 iam
647 3752 731 3787 rerum
744 3737 814 3788 Flor.
828 3739 860 3786 31
873 3737 961 3786 Gamb.
975 3740 989 3787 6
1002 3737 1060 3788 Vat.
1074 3738 1139 3786 Mar.
1152 3735 1220 3799 vulg.
1257 3741 1394 3804 Consequi-

178 3826 219 3868 tur
235 3833 331 3881 quoque
348 3820 400 3866 iam
416 3820 492 3867 series
509 3818 586 3867 Pont.
742 3819 871 3870 669-693
882 3818 962 3868 Laoh.
973 3819 1022 3868 has
1037 3819 1109 3882 quite
1124 3819 1281 3883 causelessly
1294 3823 1395 3874 altered

177 3899 231 3949 thia
248 3913 355 3961 passage
371 3899 400 3946 in
417 3914 497 3962 many
513 3899 615 3963 points:
636 3901 684 3950 690
700 3901 740 3950 lor
757 3909 834 3950 metas
850 3901 883 3950 he
899 3902 973 3951 reads
988 3909 1082 3950 autam
1094 3916 1124 3950 as
1135 3900 1211 3950 Pont.
1223 3901 1312 3952 before
1324 3905 1394 3954 him:

177 3983 252 4044 [caeli
270 3981 335 4029 Mar.
352 3981 392 4029 for
409 3983 527 4043 caelum]
548 3982 596 4032 692
613 3980 666 4032 ancl
683 3982 731 4034 693
747 3981 781 4031 he
797 3981 905 4043 inverte,
920 3983 968 4034 693
984 3983 1024 4032 for
1039 3985 1138 4046 obliquo
1153 3983 1186 4031 he
1197 3983 1273 4033 reads
1284 3987 1391 4050 obliqui,

176 4060 279 4122 joining
290 4059 311 4108 it
322 4059 385 4110 with
397 4062 477 4111 orbis:
494 4061 527 4110 he
538 4062 591 4111 will
601 4065 648 4112 not
659 4062 726 4112 have
736 4079 843 4126 serpeus,
857 4066 966 4114 lachana
978 4063 1006 4112 in
1018 4064 1167 4127 apposition
1178 4079 1230 4127 any
1242 4079 1317 4115 more
1328 4067 1394 4117 than

177 4141 226 4191 524
247 4143 337 4199 euntia,
357 4145 502 4204 pascebam
524 4158 553 4191 or
572 4159 600 4192 v1
620 4145 683 4192 1141
700 4147 808 4203 ventem,
829 4154 904 4207 ortus,
928 4145 981 4195 and
1001 4148 1065 4196 1260
1083 4149 1211 4208 10090003,
1231 4152 1393 4208 σοπυεηίοως

178 4221 278 4284 though
294 4221 409 4272 suohlike
426 4224 619 4274 constructione
636 4241 679 4275 are
695 4241 816 4275 common
833 4227 862 4275 in
876 4227 953 4276 Lucr.
966 4227 1059 4277 andin
1074 4228 1186 4277 Cicero's
1201 4228 1298 4280 Aratea
1310 4231 1394 4281 which

177 4303 254 4352 Luer.
266 4303 337 4352 often
354 4302 476 4352 imitatas.
576 4307 623 4358 692
640 4308 768 4358 corroludit
784 4307 864 4357 Lech.
877 4309 918 4358 for
932 4312 1054 4359 contudit.
1087 4312 1219 4360 contundit
1234 4311 1309 4362 Mon.
1320 4313 1392 4366 Bria

178 4383 246 4446 vulg.
354 4386 402 4436 700
419 4387 471 4434 diei
483 4385 554 4436 Nico.
567 4387 607 4436 for
618 4390 680 4438 dici.
786 4390 834 4441 704
852 4389 872 4439 it
884 4406 966 4441 seems
976 4392 1004 4440 to
1016 4405 1058 4440 me
1068 4391 1192 4440 mirans
1203 4391 1264 4444 that
1275 4393 1324 4445 the
1335 4397 1395 4460 poet
