2842 4860
752 237 782 299 V

252 393 410 460 imbribus
433 402 467 459 et
488 394 592 460 calido
614 395 689 460 solis
711 407 859 462 concreta
880 421 1017 484 vapore;

253 521 316 584 quo
338 498 447 562 minus
469 506 519 562 est
541 499 660 563 mirum
683 499 710 563 si
732 508 804 563 tum
827 509 904 565 sunt
926 503 1020 587 plura
1041 510 1150 567 coorta

252 608 286 664 et
308 600 437 677 maiora,
459 622 543 664 nova
564 600 680 666 tellure
703 609 801 687 atque
824 603 955 668 aethere
978 605 1099 670 adulta

251 703 408 789 principio
430 726 534 790 genus
556 704 695 768 alituum
718 704 889 791 variaeque
911 707 1055 772 volucres

196 891 199 896 .
252 830 313 871 ova
333 808 560 892 relinquebant
583 809 730 872 exclusae
753 816 897 894 tempore
920 833 1026 887 vomo,

253 912 409 976 folliculos
430 921 469 976 ut
491 936 577 977 nunc
599 913 713 977 teretis
734 922 858 978 aestate
880 914 1007 979 cicadae

253 1015 379 1079 lincunt
401 1024 515 1100 sponte
538 1038 597 1079 sua
618 1015 741 1080 victum
763 1017 928 1103 vitamque
951 1025 1108 1102 petentes

252 1127 325 1184 tum
347 1119 409 1183 tibi
431 1127 518 1183 terra
539 1119 630 1183 dedit
652 1120 793 1205 primum
815 1122 964 1186 mortalia
985 1123 1095 1187 saecla
1125 1160 1132 1168 ·

180 1250 181 1254 ¹
252 1225 377 1288 multus
399 1223 486 1287 enim
508 1224 593 1288 calor
615 1232 713 1309 atquc
736 1248 830 1288 umor
851 1227 1025 1311 superabat
1046 1227 1081 1291 in
1104 1227 1197 1293 arvis.

252 1327 312 1391 hoc
334 1327 392 1390 ubi
414 1348 561 1412 quaeque
584 1327 645 1390 loci
666 1327 755 1413 regio
778 1336 959 1412 opportuna
980 1328 1127 1405 dabatur,

253 1431 438 1496 crescebant
460 1431 546 1495 uteri
568 1439 687 1495 terram
709 1431 870 1496 radicibus
892 1433 980 1518 apti,

253 1556 332 1619 quos
354 1535 413 1598 ubi
435 1543 580 1620 tempore
602 1541 729 1598 maturo
751 1536 948 1620 patefecerat
971 1544 1080 1600 aestus

253 1640 415 1703 infantum
437 1638 566 1724 fugiens
587 1660 732 1701 umorem
754 1660 912 1722 aurasque
934 1647 1109 1724 petessens,

253 1741 461 1807 convertebat
482 1741 529 1805 ibi
550 1749 668 1804 natura
690 1741 847 1804 foramina
868 1749 973 1806 terrae

253 1854 288 1911 et
309 1869 423 1910 sucum
445 1846 535 1910 venis
558 1845 693 1931 cogebat
715 1845 849 1909 fundere
871 1845 992 1930 apertis

253 1951 451 2015 consimilem
473 1949 574 2026 lactis,
597 1949 681 2013 sicut
703 1972 789 2013 nunc
811 1950 932 2014 femina
954 1973 1099 2036 quaeque

253 2075 328 2117 cum
349 2053 484 2138 peperit,
507 2052 593 2116 dulci
615 2051 759 2136 repletur
781 2052 872 2129 lacte,
895 2052 981 2137 quod
1003 2053 1106 2116 omnis

176 2184 178 2188 ³
233 2156 394 2241 'impetus
417 2155 451 2219 in
473 2177 629 2218 mammas
652 2153 851 2218 convertitur
872 2155 926 2218 ille
949 2155 1103 2219 alimenti.

253 2266 339 2322 terra
360 2256 469 2321 cibum
491 2257 608 2342 pueris,
630 2263 754 2320 vestem
776 2279 882 2341 vapor,
905 2256 1005 2321 herba
1026 2256 1132 2321 cubile

252 2359 429 2447 praebebat
451 2360 556 2423 multa
578 2366 612 2423 et
634 2359 724 2423 molli
746 2359 899 2446 lanugine
922 2360 1099 2426 abundans.

252 2472 288 2529 at
310 2463 436 2528 novitas
457 2463 572 2527 mundi
593 2485 652 2526 nec
675 2462 793 2549 frigora
814 2462 895 2527 dura
916 2463 1023 2528 ciebat

252 2591 312 2632 nec
333 2566 450 2631 nimios
472 2574 581 2630 aestus
603 2589 662 2630 nec
684 2567 810 2652 magnis
832 2567 955 2632 viribus
976 2591 1077 2632 auras.

235 2671 361 2751 ¹omnia
383 2670 469 2734 enim
492 2670 612 2755 pariter
634 2677 782 2733 crescunt
804 2678 838 2734 et
860 2670 974 2735 robora
995 2679 1136 2736 sumunt.
1314 2675 1377 2738 820

295 2776 403 2854 Quare
426 2774 525 2838 etiam
547 2781 646 2858 atque
669 2773 768 2837 etiam
791 2782 975 2838 maternum
996 2798 1114 2840 nomen
1137 2776 1258 2861 adepta

252 2887 339 2954 terra
360 2885 451 2941 tenet
473 2876 597 2952 merit0,
619 2875 771 2962 quoniam
793 2899 896 2963 genus
918 2878 989 2962 ipsa
1010 2878 1131 2942 creavit

252 2983 431 3046 humanum
453 2967 552 3065 atque
574 2979 694 3044 animal
715 3001 814 3065 prope
837 2989 924 3045 certo
946 2988 1091 3067 tempore
1114 2981 1200 3045 fudit

252 3108 346 3150 omne
369 3084 455 3171 quod
476 3085 511 3148 in
533 3084 658 3169 magnis
679 3083 855 3148 bacchatur
877 3084 1034 3149 montibu'
1056 3085 1185 3170 passim,
1281 3156 1284 3165 1

252 3189 417 3274 aeriasque
439 3187 536 3251 simul
559 3187 702 3251 volucres
724 3186 918 3250 variantibu'
941 3187 1057 3252 formis.
1312 3192 1372 3271 825

252 3293 308 3358 sed
331 3293 407 3378 quia
428 3292 526 3356 finem
548 3291 690 3376 aliquam
712 3290 859 3376 pariendi
880 3290 978 3355 debet
1000 3291 1127 3368 habere,

252 3397 389 3473 destitit,
411 3403 450 3460 ut
472 3395 589 3459 mulier
610 3394 715 3479 spatio
737 3394 862 3458 defessa
883 3401 1021 3459 vetusto.

253 3511 361 3567 mutat
384 3501 470 3566 enim
493 3500 607 3564 mundi
630 3508 780 3563 naturam
802 3500 904 3563 totius
926 3508 1015 3563 aetas

254 3630 294 3671 ex
316 3607 442 3690 alioque
465 3604 547 3669 alius
570 3612 675 3674 status
698 3604 843 3689 excipere
866 3604 974 3668 omnia
996 3604 1102 3681 debet,

167 3891 239 3942 three
255 3888 455 3952 independently
471 3888 512 3938 for
527 3890 631 3938 01011111
647 3889 805 3936 committere.
848 3895 954 3937 tentaret
973 3889 1072 3938 credere
1088 3886 1181 3940 Lamb.
1327 3893 1377 3944 800

167 3975 264 4023 maiora
275 3971 351 4021 Pont.
363 3971 426 4021 Mar.
440 3971 537 4019 Avanc.
548 3969 577 4017 in
588 3972 662 4018 notes
673 3970 701 4018 at
711 3967 764 4017 end
775 3969 805 4018 01
815 3968 940 4030 Catullus,
954 3969 1028 4018 Junt.
1041 3970 1193 4020 formatore.
1327 3975 1376 4025 805

163 4057 282 4118 primam,
312 4055 408 4116 passim
418 4051 498 4103 Lech.
511 4051 621 4101 without
633 4065 686 4113 any
697 4050 835 4114 necessity.
966 4052 1015 4101 808
1027 4061 1118 4102 terram
1128 4052 1172 4102 AB
1184 4053 1254 4106 Nico.
1269 4055 1376 4122 rightly.

168 4146 250 4187 terrac
260 4135 327 4198 vulg.
341 4134 427 4184 before
437 4132 516 4185 Lach.
617 4134 665 4184 809
676 4141 759 4182 aestus
770 4132 851 4182 Lech.
863 4133 1004 4183 1011111111.
1037 4142 1108 4184 actae
1123 4135 1189 4184 Mar.
1200 4135 1260 4186 Ald.
1272 4139 1288 4187 1
1301 4138 1376 4191 sunt.

167 4219 236 4281 vulg,
336 4218 385 4267 812
402 4214 770 4266 1111110131011111101111.
878 4217 926 4265 823
943 4217 1121 4267 111111101Μο1.
1139 4215 1198 4266 Ald.
1216 4218 1319 4272 1Junt.
1336 4221 1379 4281 fot

168 4303 262 4351 anima.
295 4301 394 4349 animae
404 4296 632 4348 1101111011]
648 4298 715 4348 later
732 4312 795 4346 mss.
830 4301 947 4349 animam
962 4299 1050 4349 walo:
1067 4300 1114 4350 but
1129 4302 1248 4352 1111111111
1263 4300 1288 4354 is
1304 4284 1378 4355 10111

168 4383 229 4432 nine
241 4381 269 4432 in
280 4382 357 4432 Lucr.
482 4380 721 4442 salmanasar.
733 4382 764 4430 31
777 4381 866 4432 (lamb.
878 4382 949 4433 Mon.
961 4381 1038 4435 Pont.
1050 4382 1196 4445 1011101111.
1327 4386 1378 4439 82⁸
