2842 4860
749 284 801 349 71

258 468 372 532 corpus
393 454 432 510 ut
455 446 640 511 exanimum
663 446 777 533 siquod
798 446 910 532 procul
931 445 1000 531 ipse
1022 444 1126 510 iacere

259 549 433 635 conspicias
455 548 602 627 hominis
624 549 663 613 fit
685 556 724 613 111
746 549 850 613 omnis
873 549 978 614 dicere
1001 572 1113 614 causas

259 650 429 715 conveniat
451 651 519 729 leti,
542 651 669 715 dicatur
690 659 729 714 ut
751 650 839 714 illius
861 673 933 714 una

259 777 335 818 nam
357 778 462 840 neque
485 778 560 820 eum
584 756 665 820 ferro
687 778 747 820 nec
770 755 886 842 frigore
909 754 1036 819 vincere
1058 753 1160 840 possis

258 858 417 923 interiisse
440 882 544 945 neque
567 883 587 924 a
608 859 718 923 morbo
741 882 846 944 neque
869 859 950 924 forte
972 881 1104 934 veneno

259 984 371 1025 verum
395 962 518 1048 aliquid
540 985 658 1049 genere
681 984 750 1026 esse
773 984 813 1026 ex
835 962 895 1026 hoo
918 961 1004 1047 quod
1026 960 1165 1047 contigit
1188 959 1221 1024 ei

260 1064 384 1129 scimus
415 1065 495 1129 item
518 1065 553 1129 in
575 1065 687 1128 multis
709 1065 769 1128 hoc
791 1064 888 1128 rebus
910 1063 1014 1128 dicere
1037 1063 1204 1128 habemus.

304 1168 401 1232 Nilus
423 1169 457 1232 in
479 1177 637 1234 aestatem
660 1169 774 1233 crescit
796 1169 981 1255 campisque
1004 1168 1174 1246 redundat,

260 1271 374 1336 unicus
396 1274 431 1335 in
454 1272 547 1337 terris
569 1271 714 1360 Aegypti
736 1272 838 1336 totius
860 1272 971 1337 amnis.
1061 1297 1064 1305 ·

260 1373 288 1437 is
309 1374 395 1461 rigat
417 1374 605 1461 Aegyptum
629 1375 772 1439 medium
795 1397 853 1459 per
874 1397 969 1461 saepe
992 1375 1137 1451 calorem,

261 1484 319 1540 aut
341 1477 419 1562 quia
440 1485 517 1542 sunt
539 1485 662 1542 aestate
686 1477 851 1563 aquilones
875 1477 957 1542 ostia
979 1485 1098 1555 contra,

260 1581 337 1644 anni
359 1588 504 1667 tempore
527 1605 564 1646 eo
586 1582 644 1668 qui
666 1581 785 1646 etesiae
809 1604 876 1646 esse
900 1582 1056 1659 feruntur,

260 1694 294 1749 et
318 1694 428 1750 contra
449 1686 585 1750 fluvium
607 1687 724 1750 flantes
746 1693 949 1750 remorantur
970 1693 1004 1750 et
1026 1685 1130 1750 undas

260 1797 411 1876 cogentes
433 1812 541 1853 sursus
563 1789 690 1874 replent
713 1796 897 1874 coguntque
920 1811 1057 1853 manere.

260 1916 335 1957 nam
358 1893 456 1958 dubio
477 1894 587 1979 procul
610 1894 689 1958 haec
711 1893 843 1957 adverso
865 1893 966 1957 flabra
987 1894 1135 1958 feruntur

260 1996 402 2074 flumine,
426 2019 507 2082 quae
530 1995 645 2084 gelidis
667 1997 708 2061 ab
731 1996 832 2060 stellis
854 1997 923 2061 axis
945 2004 1093 2082 aguntur.

259 2099 314 2164 ille
337 2123 377 2164 ex
399 2100 549 2165 aestifera
569 2099 656 2185 parti
678 2099 768 2164 venit
790 2100 894 2164 amnis
916 2100 957 2164 ab
980 2108 1097 2178 austm,

259 2205 345 2268 inter
366 2205 459 2292 nigra
480 2204 585 2268 virum
607 2211 754 2289 percocto
776 2204 880 2268 saecla
902 2204 1004 2269 colore

260 2306 404 2371 exoriens
426 2306 557 2392 penitus
578 2305 686 2370 media
707 2305 748 2369 ab
771 2305 900 2392 regione
924 2305 995 2370 diei.

260 2418 309 2474 est
332 2434 458 2497 quoque
481 2411 532 2475 uti
553 2411 654 2495 possit
676 2433 813 2497 magnus
835 2419 1006 2498 congestus
1028 2411 1166 2475 harenae

259 2513 412 2579 fluctibus
434 2514 574 2579 adversis
597 2514 739 2600 oppilare
762 2515 845 2579 ostia
866 2522 985 2591 contra,

260 2641 333 2682 cum
355 2641 443 2683 mare
465 2627 648 2705 permotum
670 2620 777 2684 ventis
798 2620 865 2683 ruit
888 2619 977 2684 intus
999 2621 1175 2701 harenam;

260 2745 323 2807 quo
345 2722 383 2786 fit
406 2723 456 2786 uti
478 2730 572 2808 pacto
596 2722 677 2788 liber
698 2723 806 2787 minus
828 2723 935 2788 exitus
957 2724 1046 2788 amni

258 2832 292 2889 et
314 2826 461 2911 proclivis
483 2826 563 2891 item
586 2826 643 2890 fiat
665 2826 773 2891 minus
795 2827 938 2912 impetus
960 2827 1062 2892 undis

259 2928 298 2992 fit
320 2953 446 3016 quoque
469 2931 520 2994 uti
542 2931 670 3017 pluviae
693 2933 798 2996 forsan
820 2933 923 3018 magis
945 2932 987 2997 ad
1009 2940 1107 3018 caput
1129 2933 1160 2997 ei

260 3040 404 3119 tempore
427 3057 464 3099 eo
486 3035 575 3112 fiant,
598 3035 684 3120 quod
706 3036 807 3100 etesia
828 3036 930 3100 flabra
951 3036 1138 3122 aquilonum

260 3139 372 3203 nubila
394 3140 556 3205 coniciunt
578 3141 613 3204 in
636 3163 689 3205 eas
711 3148 790 3206 tunc
812 3141 921 3206 omnia
942 3141 1050 3227 partis

261 3243 382 3308 scilicet
405 3245 446 3309 ad
468 3245 608 3310 mediam
631 3246 795 3332 regionem
818 3246 921 3310 eiecta
943 3246 1009 3310 diei

220 3412 224 3419 ,
261 3369 334 3410 cum
357 3356 585 3426 convenerunt,
606 3349 652 3413 ibi
674 3349 716 3413 ad
738 3349 819 3413 altos
842 3349 980 3435 denique
1003 3349 1122 3413 montis

261 3455 428 3514 contrusae
451 3450 554 3515 nubes
576 3459 736 3537 coguntur
757 3450 853 3537 vique
876 3460 1075 3537 premuntur.
1132 3437 1134 3440 ’

259 3551 393 3617 forsitan
415 3554 614 3640 Aethiopum
637 3555 768 3641 penitus
790 3555 830 3620 de
853 3555 1018 3620 montibus
1039 3555 1115 3620 altis
1319 3572 1377 3642 735

172 3772 238 3822 Mar.
250 3773 324 3822 Junt.
335 3774 427 3824 Lamb.
439 3778 487 3824 etc.
499 3775 626 3837 Wrongly:
647 3789 687 3824 see
700 3773 779 3824 Lech.
792 3775 876 3826 11194.
1009 3775 1056 3824 705
1068 3776 1150 3824 iacere
1161 3774 1232 3824 Flor.
1245 3778 1277 3826 31
1290 3778 1377 3831 Onmb.

171 3856 241 3904 Brix.
254 3856 319 3905 Mar.
331 3857 372 3905 for
382 3858 483 3906 iaceret.
583 3857 630 3909 708
641 3872 699 3906 num
710 3871 788 3919 neque
800 3856 868 3906 Flor.
881 3857 911 3905 31
925 3855 1014 3906 Gamb.
1025 3856 1090 3905 Mar.
1103 3856 1142 3904 for
1153 3873 1269 3920 namque.

206 3940 253 3991 710
271 3939 359 3988 Verum
375 3940 439 3988 Mar.
455 3940 513 3988 Ald.
527 3941 539 3987 1
556 3941 628 3992 Junt.
644 3940 684 3988 for
699 3941 795 3989 Utmcm.
830 3942 936 4002 contiyit
953 3942 976 3989 ei
995 3939 1048 4005 (eii)
1067 3939 1101 3988 Is.
1114 3939 1189 3988 Voss.
1202 3939 1231 3989 in
1247 3949 1381 3994 manetes

172 4021 213 4070 for
227 4023 356 4071 conticitel
370 4022 400 4080 A,
413 4024 530 4072 conficite
546 4023 577 4080 B,
589 4025 720 4072 contiones
731 4021 801 4071 Nicc.
814 4025 864 4071 two
876 4022 949 4073 Vct:
968 4037 984 4072 a
998 4023 1096 4072 certain
1111 4023 1262 4074 correction.
1299 4029 1382 4077 cmwio

173 4108 242 4155 dicct
258 4106 327 4155 Flor.
340 4106 370 4154 31
389 4108 439 4155 two
456 4105 514 4156 Vat.
531 4106 588 4155 Ald.
603 4107 616 4154 1
632 4106 723 4156 Lcmb.
736 4105 802 4155 cdl
820 4105 872 4155 and
888 4109 912 4156 3.
946 4109 1030 4156 concio
1047 4109 1133 4156 credat
1150 4107 1240 4158 (lamb.
1253 4123 1305 4160 one
1321 4111 1378 4163 Vnt.

173 4187 244 4235 Mon.
256 4186 329 4235 Junt.
341 4185 432 4235 Lamb.
444 4186 484 4235 ed.
497 4188 520 4235 2.
620 4188 667 4238 719
678 4187 764 4248 flabro
779 4186 847 4235 Flor.
861 4187 891 4235 31
904 4186 993 4236 (lamb.
1006 4186 1063 4235 Ver.
1076 4186 1140 4236 Ven.
1152 4186 1193 4236 for
1202 4190 1298 4250 flabro.

206 4272 253 4321 727
265 4271 333 4319 amni
345 4269 410 4319 Mar.
423 4269 497 4319 Junt.
509 4269 550 4319 for
561 4272 649 4319 0111111.
717 4271 764 4320 729
780 4272 803 4319 ci
817 4269 861 4318 AB
874 4268 944 4319 Nice.
957 4268 1144 4318 alluatnrix.
1157 4269 1216 4319 Ver.
1229 4270 1296 4322 Ven.
1330 4278 1381 4325 eius

171 4353 241 4401 Flor.
253 4352 285 4401 31
297 4351 387 4402 (lamb.
397 4351 474 4403 Pont.
488 4352 554 4402 Mar.
568 4350 624 4402 Ald.
641 4350 655 4399 l
667 4351 741 4400 Junt.
753 4351 822 4413 vulg.
834 4350 920 4401 before
931 4350 1009 4402 Lucln
1091 4353 1139 4402 730
1150 4354 1217 4414 qood
1227 4353 1294 4404 Mur.
1307 4355 1378 4407 Junt.

171 4431 269 4495 rightly
280 4432 321 4480 lor
332 4447 387 4494 quo,
400 4444 430 4481 as
442 4438 500 4483 tunc
512 4432 624 4491 follows3
641 4431 688 4482 but
700 4446 729 4481 as
742 4430 816 4480 Junt.
828 4432 913 4482 writes
924 4431 945 4482 11
956 4431 1175 4495 00110013101111,
1187 4447 1222 4482 110
1233 4448 1285 4484 one
1297 4436 1381 4488 before
