2842 4860
101 245 165 293 m
680 226 730 290 W

208 390 430 475 maiorumque
452 391 550 453 refert
573 389 680 453 voltus
701 411 858 474 vocesque
880 412 1059 475 comasque.
1107 403 1109 409 '

105 510 186 576 1227
209 501 244 558 et
264 494 422 558 muliebre
445 493 547 557 oritur
568 493 673 579 patrio
695 493 735 556 de
757 493 880 577 semine
902 494 1043 557 saeclum
1232 506 1311 574 1225

208 605 418 683 maternoque
441 619 545 661 mares
567 597 712 660 existunt
734 619 863 681 corpore
885 597 986 676 creti3

105 715 184 783 1225
209 701 470 786 quandoquidem
492 701 557 764 nilo
580 700 683 785 magis
705 700 785 764 haec
807 700 845 766 de
867 701 990 764 semine
1013 709 1101 765 certo

106 802 110 809 ’
210 805 296 869 fiunt
319 828 417 890 quam
439 804 536 868 facies
559 813 593 867 et
614 826 746 888 corpora
767 802 975 888 membraque
997 804 1111 884 nobis;

211 931 339 993 semper
360 907 448 972 enim
470 915 583 992 partus
604 907 727 992 duplici
749 908 789 971 de
812 908 934 971 semine
957 915 1092 984 constat,

210 1020 309 1097 atque
331 1011 398 1074 utri
420 1011 556 1075 similest
577 1011 681 1096 magis
703 1010 737 1074 id
759 1011 984 1096 quodcumque
1006 1020 1142 1088 creatur,
1231 1028 1314 1093 1230

213 1116 283 1180 eius
304 1115 404 1179 habet
426 1115 500 1200 plus
521 1122 614 1200 parte
636 1137 757 1200 aequa3
786 1114 873 1199 quod
894 1137 1023 1179 cernere
1045 1115 1155 1200 possis,

211 1219 278 1283 sive
300 1218 406 1282 virum
428 1218 555 1281 suboles
576 1217 675 1281 sivest
697 1217 862 1281 muliebris
884 1217 981 1303 origo
1156 1200 1161 1210 Ι

255 1322 327 1386 Nec
349 1321 459 1385 divina
480 1329 588 1384 satum
609 1320 787 1405 genitalem
808 1321 944 1384 numina
966 1321 1118 1406 cuiquam

211 1425 402 1502 absterrent,
424 1432 518 1510 pater
538 1414 689 1509 agnatis
711 1445 752 1486 ne
774 1423 923 1487 dulcibus
944 1446 1101 1508 umquam

211 1528 395 1614 appelletur
416 1535 450 1591 et
471 1535 511 1590 ut
533 1526 636 1590 sterili
657 1527 783 1590 Venere
807 1526 917 1611 exigat
938 1549 1071 1606 aevom3
1231 1540 1310 1610 1235

211 1631 297 1717 quod
319 1631 509 1716 plerumque
531 1636 651 1714 putant
673 1636 707 1692 et
729 1629 834 1692 multo
856 1629 1013 1714 sanguine
1035 1629 1152 1693 maesti

211 1740 428 1818 conspergunt
449 1755 521 1796 aras
542 1731 737 1816 adolentque
760 1731 876 1795 altaria
897 1731 997 1808 donis,

210 1846 250 1901 ut
270 1836 419 1922 gravidas
440 1835 578 1899 reddant
599 1856 715 1898 uxores
737 1834 858 1898 semine
881 1835 978 1919 largo.

209 1940 415 2025 nequiquam¹
430 1939 537 2003 divom
559 1960 681 2002 numen
703 1937 861 2023 sortisque
884 1938 1034 2023 fatigant.

209 2068 286 2109 nam
308 2045 433 2108 steriles
454 2044 593 2108 nimium
616 2066 719 2107 crasso
741 2052 818 2106 sunt
840 2042 962 2106 semine
984 2041 1104 2127 partim

207 2156 242 2212 11
265 2147 386 2233 liquido
409 2155 538 2232 praeter
558 2147 683 2210 iustum
706 2145 863 2231 tenuique
885 2145 1032 2210 vicissim.

211 2261 308 2316 tenve
330 2251 407 2315 locis
429 2252 506 2336 quia
528 2273 593 2314 non
614 2250 700 2335 potis
723 2257 772 2313 111
794 2249 934 2335 adfigere
956 2249 1140 2328 adhaesum,

210 2355 347 2440 liquitur
368 2355 531 2439 extemplo
554 2361 588 2417 et
609 2359 795 2417 revocatum
817 2353 903 2417 cedit
924 2353 1049 2419 abortu.

210 2460 346 2525 crassius
367 2459 418 2523 his
440 2481 533 2544 porro
555 2457 708 2543 quoniam
731 2457 911 2520 concretius
932 2480 1035 2543 aequo

209 2563 362 2638 mittitur,
385 2570 443 2626 aut
466 2584 531 2625 non
553 2569 622 2624 tam
644 2561 768 2646 prolixo
789 2561 936 2646 provolat
958 2562 1027 2626 ictu
1062 2562 1065 2568 ‘

208 2675 268 2732 aut
289 2674 458 2752 penetrare
481 2665 565 2729 locos
586 2687 689 2750 aeque
711 2665 826 2750 nequit
848 2672 907 2729 aut
929 2673 1137 2750 penetratum

170 2793 175 2804 ·
209 2793 305 2856 aegre
327 2770 524 2833 admiscetur
545 2768 696 2832 muliebri
718 2769 840 2832 semine
862 2791 980 2833 semen.

210 2896 287 2937 nam
308 2873 451 2936 multum
474 2871 660 2936 harmoniae
682 2871 819 2935 Veneris
841 2872 969 2935 differre
992 2872 1151 2936 videntur.

210 2986 309 3064 atque
331 2978 411 3041 alias
433 2977 489 3041 alii
511 2977 674 3062 complent
696 2976 799 3061 magis
821 2999 861 3040 ex
884 2976 1019 3062 aliisque

210 3082 392 3167 succipiunt
414 3081 497 3145 aliae
520 3081 646 3165 pondus
668 3080 772 3165 magis
794 3079 893 3165 inque
914 3088 1115 3165 gravescunt.

208 3194 243 3250 et
264 3186 387 3249 multae
410 3184 534 3248 steriles
556 3183 756 3270 Hymenaeis
777 3190 854 3247 ante
877 3183 1010 3247 fuerunt

210 3290 358 3376 pluribus
380 3297 414 3353 et
436 3297 550 3353 nactae
572 3296 645 3373 post
667 3295 745 3351 sunt
766 3295 877 3350 tamen
899 3286 986 3350 unde
1008 3287 1132 3372 puellos

211 3395 372 3480 suscipere
396 3401 429 3457 et
451 3402 547 3479 partu
571 3399 701 3477 possent
724 3391 879 3455 ditescere
901 3391 995 3455 dulci

211 3506 246 3562 11
268 3498 386 3583 quibus
407 3505 484 3561 ante
506 3496 594 3560 domi
615 3494 771 3559 fecundae
793 3516 889 3579 saepe
911 3493 1101 3580 nequissent

211 3622 325 3663 uxores
348 3620 467 3684 parere,
490 3597 655 3660 inventast
676 3596 741 3659 illis
763 3618 890 3681 quoque
913 3619 1043 3682 compar
1230 3612 1310 3681 1255

210 3710 336 3779 natura,
358 3709 397 3765 ut
418 3708 550 3786 possent
571 3699 679 3785 gnatis
700 3699 829 3762 munire
853 3707 1024 3766 senectam.

102 3856 1314 3932 mmmrwmmanmmwmmm-

103 3951 185 4002 ferred
203 3951 300 4011 hither,
319 3951 364 4000 the
383 3965 459 4000 sense
476 3950 608 4012 requiring
626 3949 671 4000 the
690 3948 797 4010 change.
907 3950 970 4000 1227
988 3951 1017 3998 de
1037 3948 1121 3999 added
1140 3949 1174 4012 by
1190 3950 1262 4002 Flor.
1282 3954 1314 4001 31

103 4035 181 4085 Pont.
193 4035 259 4083 Mar.
272 4034 345 4082 Junt.
357 4049 374 4082 a
384 4033 482 4082 Arane.
580 4034 669 4094 macic.
686 4035 768 4081 minus
784 4032 877 4084 hamb.
893 4032 1011 4082 followed
1026 4032 1062 4096 by
1077 4031 1113 4082 all
1129 4032 1215 4084 before
1230 4033 1313 4087 Lech.

153 4118 217 4165 1230
234 4117 396 4179 qaodcunque
412 4114 482 4163 Flor.
500 4113 531 4162 31
549 4113 640 4165 camb.
656 4114 715 4163 Ver.
732 4114 797 4162 Ven.
814 4114 880 4163 Mar.
897 4113 938 4163 for
955 4129 1113 4177 quocumque.

152 4198 217 4248 1234
228 4206 306 4262 poter
321 4214 338 4246 a
354 4199 439 4260 pactis
456 4196 542 4245 Bria?
552 4233 558 4254 ‚
570 4196 645 4247 Pont.
658 4197 723 4246 Mar.
735 4196 794 4245 Ald.
807 4197 909 4245 1111111.
922 4196 962 4246 for
974 4203 1079 4260 praeter
1094 4197 1208 4257 1111111.

151 4281 215 4330 1243
238 4282 306 4330 cedit
327 4279 402 4332 Pont.
428 4280 495 4328 Mar.
517 4278 576 4330 Ald.
602 4278 616 4327 1
639 4279 713 4327 Junt.
737 4278 777 4327 for
798 4280 887 4329 credit.
1018 4277 1085 4329 lau
1106 4278 1148 4329 ru·
1167 4275 1251 4329 hah.
1272 4277 1317 4329 ior

102 4363 151 4414 hic.
270 4362 334 4410 1252
352 4368 410 4424 post
429 4367 487 4410 111111
501 4359 594 4411 Lamb.
614 4359 672 4410 first
691 4359 732 4408 for
750 4368 870 4422 porcean
892 4357 994 4424 though
1008 4359 1087 4419 Inue.
1103 4356 1218 4427 publ!
1233 4363 1317 4421 11019
1328 4392 1343 4413 .
