2842 4860
622 235 657 298 ΙΙ

127 405 160 460 et
183 419 246 481 qua
270 398 300 460 vi
324 397 427 460 facere
450 396 484 460 id
507 404 664 481 cogantur
685 419 832 484 quaeque
856 399 899 463 sit
921 365 992 463 oliis
1043 443 1046 447 -

125 489 251 563 reddita
273 498 437 563 mobilitas
459 520 614 582 magnum
637 521 695 583 per
717 500 814 567 inane
837 501 977 580 meandi,

125 602 310 687 expediam:
332 610 370 666 tu
393 610 426 666 te
449 600 544 666 dictis
566 601 719 686 praebere
742 612 915 669 memento.

125 728 201 769 narn
224 715 311 770 certe
334 728 398 770 non
420 706 507 770 inter
528 727 562 770 se
585 706 706 790 stipata
727 707 876 774 cohaeret

123 810 283 887 materies,
307 809 460 894 quoniam
483 806 588 872 minui
611 830 679 872 rem
702 831 863 895 quamque
885 811 1034 876 videmus

125 921 159 975 et
181 913 273 996 quasi
296 912 473 997 longinquo
495 912 596 977 fluere
618 913 728 977 omnia
749 915 911 980 cernimus
933 938 1012 980 aevo

124 1037 165 1078 ex
187 1015 350 1101 oculisque
372 1023 570 1079 vetustatem
593 1014 771 1082 subducere
793 1017 919 1095 nostris,

124 1142 198 1183 cum
220 1128 332 1185 tamen
355 1119 524 1183 incolumis
547 1119 697 1184 videatur
718 1143 846 1191 summa
867 1145 998 1189 manere

123 1232 292 1308 propterea
314 1225 399 1309 quia,
421 1246 505 1309 quae
527 1223 690 1289 decedunt
711 1248 843 1311 corpora
864 1228 990 1313 cuique,

123 1326 209 1389 unde
231 1327 353 1391 abeunt
376 1327 540 1403 minuunt,
562 1350 626 1412 quo
648 1351 764 1393 venere
786 1330 937 1414 augmine
960 1331 1090 1407 donant,

122 1429 179 1493 illa
201 1452 364 1496 senescere
387 1440 422 1496 at
445 1432 523 1496 haec
545 1441 657 1498 contra
678 1433 842 1499 florescere
864 1443 993 1519 cogunt,

124 1555 183 1597 nec
205 1544 408 1599 remorantur
429 1536 485 1602 ibi.
507 1536 553 1601 sic
574 1559 682 1601 rerum
704 1559 833 1602 summa
855 1547 994 1603 novatur

124 1658 258 1721 semper,
283 1645 316 1701 et
339 1638 424 1703 inter
446 1662 480 1704 se
502 1641 655 1706 mortales
677 1651 794 1707 mutua
816 1642 940 1708 vivunt.

124 1751 301 1827 augescunt
323 1743 405 1807 aliae
427 1753 549 1828 gentes
572 1745 655 1809 aliae
678 1746 880 1822 minuuntur,

124 1846 222 1931 inque
244 1846 335 1909 brevi
357 1846 461 1931 spatio
484 1855 655 1912 mutantur
676 1849 780 1912 saecla
802 1849 1005 1913 animantum

123 1957 157 2012 et
179 1949 272 2034 quasi
294 1972 436 2015 cursores
458 1951 540 2015 vitai
562 1952 711 2037 lampada
734 1954 878 2018 tradunt.

168 2050 204 2114 si
226 2072 348 2116 cessare
370 2060 468 2137 putas
489 2075 597 2117 rerum
619 2054 795 2139 primordia
816 2078 908 2141 posse

123 2154 339 2240 cessandoque
363 2178 461 2220 novos
483 2178 592 2220 rernm
614 2156 806 2243 progignere
828 2167 945 2234 motus

123 2258 215 2322 avius
237 2281 257 2322 a
279 2280 354 2322 vera
375 2259 471 2345 longe
493 2258 618 2323 ratione
640 2261 774 2344 vagaris.

123 2385 199 2426 nam
221 2363 373 2447 quoniam
396 2384 454 2446 per
475 2362 572 2426 inane
595 2372 763 2447 vagantur,
787 2372 905 2429 cuncta
926 2373 1087 2429 necessest

123 2476 181 2531 aut
202 2467 363 2553 gravitate
385 2488 445 2531 sua
466 2466 542 2530 ferri
563 2465 740 2551 primordia
762 2490 870 2532 rerum

124 2580 181 2634 aut
204 2571 271 2636 ictu
294 2571 376 2635 forte
398 2570 538 2636 alterius.
562 2594 637 2635 narn
661 2594 733 2637 cnm
754 2573 820 2637 cita
841 2595 937 2658 saepe

124 2673 219 2739 obvia
241 2675 422 2752 conflixere,
446 2675 486 2739 fit
508 2684 546 2739 ut
569 2674 697 2741 diversa
718 2683 852 2761 repente

124 2776 297 2856 dissiliant3
320 2801 425 2863 neque
448 2779 536 2842 enim
559 2778 688 2856 mirum,
710 2779 883 2843 durissima
905 2800 987 2864 quae
1010 2778 1076 2844 sint

123 2883 317 2966 ponderibus
340 2881 449 2946 solidis
471 2903 577 2966 neque
599 2883 773 2967 quicquam
796 2905 816 2946 a
838 2891 929 2966 tergo
951 2881 1025 2946 ibus
1047 2882 1162 2946 obstet.

124 2994 158 3049 et
180 3009 244 3071 quo
267 2986 380 3050 iactari
403 2987 506 3070 magis
529 2987 638 3050 omnia
660 2986 810 3050 materiai

124 3112 256 3175 corpora
277 3090 452 3176 pervideas
476 3091 680 3155 reminiscere
702 3092 805 3156 totius
829 3091 932 3155 imum

123 3194 170 3257 nil
192 3215 261 3259 esse
282 3195 318 3258 in
339 3217 476 3271 summa,
498 3217 603 3280 neque
625 3195 744 3259 habere
768 3195 825 3259 ubi
847 3216 978 3278 corpora
1000 3193 1105 3278 prima

123 3297 306 3376 consistant,
330 3298 483 3383 quoniam
506 3299 648 3384 spatium
673 3299 743 3363 sine
766 3299 831 3362 fine
853 3297 1046 3382 modoquest

121 3402 370 3487 inmensumque
391 3411 504 3489 patere
526 3403 560 3466 in
583 3412 715 3468 cunctas
739 3403 883 3488 undique
906 3401 1009 3487 partis

122 3506 270 3590 pluribus
292 3507 417 3572 ostendi
441 3517 475 3572 et
496 3517 585 3572 certa
607 3508 732 3572 ratione
754 3507 968 3592 probatnmst.

124 3609 386 3699 quodgquoniam
410 3619 545 3686 constat,
569 3611 723 3674 nimirum
747 3610 837 3673 nulla
859 3610 952 3694 quies
973 3617 1022 3672 est
1201 3622 1241 3688 95

35 3867 148 3917 reliance
160 3880 209 3916 can
225 3866 257 3915 bs
273 3866 365 3928 placed
381 3880 416 3914 on
433 3865 497 3915 such
514 3865 751 3927 citationsz‘oomp.
764 3879 790 3912 n.
808 3868 836 3912 to
848 3878 857 3912 1
869 3864 909 3914 66.
1074 3862 1106 3911 68
1123 3875 1245 3924 qmnrque

34 3951 147 3999 videmus
159 3948 229 3997 Nice.
241 3949 264 3996 B
276 3963 342 3996 corr.
357 3948 396 3996 for
409 3950 622 4010 quamquidemus.
755 3947 787 3996 73
804 3947 920 4007 acymine
932 3945 954 3993 B
966 3958 1031 3992 corr.
1043 3942 1113 3994 Nico.
1128 3957 1193 3992 corr.
1205 3941 1246 3991 for

36 4035 143 4094 cymino.
246 4032 278 4080 84
290 4033 358 4094 ferri
369 4032 438 4080 Nico.
453 4030 686 4081 Boorr.forterri.
794 4030 826 4078 85
843 4044 902 4077 nam
918 4043 974 4078 cum
991 4028 1082 4090 (quom)
1099 4028 1153 4076 citu
1169 4024 1243 4075 Wuk.

33 4116 74 4165 for
85 4118 217 4165 cumcito.
257 4117 425 4177 citasuperne
436 4113 508 4162 Nico.
546 4115 644 4162 concito
654 4128 728 4175 coepe
740 4112 810 4161 Flor.
823 4112 855 4160 31
867 4099 957 4160 Gamb.
1068 4108 1245 4170 Btcooflieere

35 4197 127 4246 Lamb.
140 4197 168 4245 in
181 4200 256 4245 notes
267 4196 308 4244 for
319 4198 467 4258 conflecere.
484 4195 624 4256 confluxere
636 4193 706 4244 Nico.
721 4195 768 4244 eto.
805 4207 861 4241 cum
871 4193 963 4255 flirere
980 4189 1072 4240 Lamb.
1105 4196 1134 4237 ut
1147 4188 1243 4239 Avano.

34 4277 76 4326 for
91 4280 142 4326 ati.
175 4278 215 4325 ita
229 4278 270 4324 uti
281 4276 351 4324 Flor.
363 4275 394 4324 31
407 4274 498 4323 camb,
511 4278 558 4323 etc.
672 4275 703 4321 88
722 4280 789 4333 temo
806 4272 862 4319 ibus
879 4271 915 4318 Is.
933 4269 1041 4318 Vossius
1058 4268 1087 4316 in
1104 4269 1247 4316 manetes

35 4362 93 4421 (not
111 4358 223 4423 Preigcr)
243 4361 311 4407 most
328 4356 424 4418 rightly
436 4356 476 4405 sor
494 4358 610 4418 torpidus.
713 4355 744 4405 95
761 4355 833 4402 nulla
844 4352 912 4403 Nice.
928 4352 1066 4400 formulta.
1110 4350 1193 4397 incita
1210 4348 1244 4398 Is.

123 4473 157 4519 n.
1140 4450 1159 4510 6
