2842 4860
630 249 686 312 III

140 435 268 498 corpore
291 413 415 499 reliqtio
438 435 581 498 pugnarn
603 413 781 498 caedesque
802 413 947 498 petessit,

140 539 200 581 nec
222 525 314 582 tenet
336 517 486 581 amissam
509 517 634 581 laevam
657 538 731 581 curn
754 517 898 602 tegmine
921 539 1017 603 saepo

141 621 226 685 inter
248 640 348 704 equos
369 621 518 684 abstraxe
541 627 627 683 rotas
648 621 810 704 falcesque
832 642 972 705 rapaces,
1198 621 1265 701 650

140 747 199 789 neo
222 724 373 788 cecidisse
396 725 478 788 alius
501 725 658 803 dextram,
682 747 756 788 cum
779 725 905 790 scandit
928 735 962 791 et
983 725 1092 791 instat.

140 827 216 892 inde
239 828 322 891 alius
344 837 478 891 conatur
500 828 652 911 adempto
674 849 804 912 surgere
827 850 927 905 crure,

142 954 215 995 cum
239 931 357 1015 digitos
379 931 482 1015 agitat
504 938 635 1015 propter
658 931 868 995 moribundus
890 931 984 996 humi
1005 954 1071 1016 pes.

143 1044 176 1100 et
199 1044 296 1120 caput
319 1035 478 1098 abscisum
502 1033 605 1098 calido
628 1034 821 1118 viventeque
843 1043 958 1099 trunco

143 1148 248 1203 servat
271 1138 363 1202 humi
384 1139 509 1202 voltum
532 1137 666 1202 vitalem
690 1137 862 1223 oculosque
884 1138 1038 1223 patentia

142 1242 243 1306 donec
265 1241 417 1327 reliquias
439 1240 560 1304 animai
582 1241 725 1305 reddidit
747 1264 866 1306 omnes.

142 1345 221 1430 quin
244 1344 344 1408 etiam
366 1343 428 1408 tibi
450 1344 486 1421 si,
508 1344 621 1430 lingua
642 1345 801 1421 vibrante,
826 1347 962 1412 micanti

143 1448 301 1533 serpentis
324 1447 426 1512 cauda
448 1469 466 1511 e
488 1470 619 1532 procero
641 1471 779 1533 corpore,
803 1458 978 1535 utrumque

96 1661 97 1664 ’
142 1658 185 1721 sit
207 1657 338 1722 libitum
361 1657 396 1721 in
418 1658 539 1722 multas
561 1658 663 1742 partis
686 1658 841 1723 discidere
863 1659 955 1737 ferre,

142 1761 251 1826 omnia
272 1761 339 1824 iarn
362 1783 485 1824 sorsum
508 1783 618 1825 cernes
640 1762 749 1825 ancisa
770 1762 893 1827 recenti

142 1866 270 1928 volnere
292 1864 406 1928 tortari
429 1872 462 1928 et
483 1873 602 1928 terram
625 1886 836 1948 conspargere
860 1865 944 1942 tabo,

141 1970 246 2054 ipsam
268 1990 366 2054 seque
388 1976 474 2032 retro
495 1976 623 2054 partem
645 1978 757 2052 petere
780 1991 834 2032 ore
856 1969 1003 2053 priorem,

142 2072 280 2136 volneris
303 2071 431 2136 ardenti
452 2080 490 2135 ut
512 2094 619 2135 morsu
641 2080 769 2156 premat
791 2072 856 2135 icta
878 2072 1027 2137 dolorem.

143 2176 292 2239 omnibus
316 2197 384 2239 csse
406 2174 508 2259 igitur
530 2182 614 2238 totas
637 2175 782 2239 dicemus
805 2175 840 2238 in
861 2175 927 2239 illis

142 2280 307 2365 particulis
329 2279 475 2343 animas?
506 2286 541 2343 at
563 2300 602 2342 ea
624 2279 749 2342 ratione
771 2287 926 2364 sequetur
1195 2282 1256 2362 665

142 2405 241 2445 unam
264 2381 463 2445 animantem
486 2383 611 2445 animas
632 2381 783 2447 habuisse
805 2382 840 2445 in
863 2404 993 2467 corpore
1015 2384 1143 2450 multas

142 2507 216 2569 ergo
239 2484 373 2548 divisast
395 2505 539 2568 eaquae
561 2483 624 2548 fuit
646 2506 713 2548 una
734 2484 831 2548 simul
853 2507 928 2548 cum

142 2611 291 2674 corpore3
320 2597 514 2673 quapropter
536 2588 672 2652 mortale
696 2596 871 2673 utrumque
892 2589 1115 2673 putandumst,

141 2695 176 2758 in
198 2693 317 2756 multas
338 2693 490 2776 quoniam
513 2692 615 2777 partis
637 2691 805 2757 disciditur
826 2716 937 2779 aeque.

184 2797 355 2861 Praeterea
377 2797 404 2861 si
426 2797 606 2860 inmortalis
628 2806 745 2862 natura
767 2798 888 2862 animai

141 2910 266 2967 constat
288 2911 322 2967 et
344 2902 379 2965 in
401 2925 516 2987 corpus
538 2902 744 2966 nascentibus
766 2902 958 2988 insinuatur,

141 3029 197 3070 cur
219 3028 314 3090 super
335 3013 517 3069 anteactam
541 3013 682 3069 aetatem
705 3005 890 3070 meminisse
912 3006 1085 3092 nequimus

139 3133 199 3174 neo
220 3111 358 3194 vestigia
379 3119 542 3195 gestarum
565 3132 673 3173 rerum
696 3111 764 3174 ulla
785 3114 957 3175 tenemusl

140 3237 216 3278 nam
239 3215 266 3278 si
288 3221 379 3278 tanto
402 3223 528 3299 operest
550 3215 652 3278 animi
674 3223 802 3279 mutata
824 3223 975 3300 potestas

140 3319 243 3383 omnis
264 3327 302 3382 ut
325 3326 469 3382 actarum
493 3319 648 3383 exciderit
669 3319 845 3384 retinentia
866 3341 982 3395 rerum,
1193 3322 1254 3404 675

139 3445 212 3497 non,
236 3431 275 3486 ut
297 3422 417 3506 opinor,
439 3422 473 3484 id
496 3445 515 3485 a
537 3422 603 3486 leto
625 3423 691 3486 iam
714 3423 852 3507 longiter
874 3431 982 3500 errat3

138 3532 332 3610 quapropter
354 3525 474 3589 fateare
497 3534 658 3590 necessest
680 3548 763 3610 qnae
785 3527 849 3590 fuit
870 3533 948 3600 ante

83 3712 130 3761 647
147 3713 220 3759 semel
235 3709 315 3759 Lach.
333 3711 373 3759 for
389 3713 471 3760 simut.
571 3712 619 3761 650
635 3720 704 3761 rotas
721 3712 790 3761 Nicc.
808 3711 848 3760 for
864 3719 925 3762 rote.
982 3699 984 3704 ’
1024 3711 1132 3764 657658
1149 3717 1255 3764 micanti

49 3793 102 3845 and
124 3794 207 3843 cauda
224 3808 237 3841 e
256 3791 306 3842 Ed.
324 3791 388 3840 with
403 3792 483 3843 Lach.
501 3792 541 3842 for
556 3796 666 3842 minanti
683 3793 736 3843 and
752 3795 840 3843 caude.
950 3795 998 3843 658
1015 3809 1031 3844 5
1048 3810 1072 3844 v.
1089 3795 1112 3844 is
1129 3797 1181 3846 lost
1195 3796 1256 3847 herc

49 3875 114 3927 such
134 3889 164 3924 as
181 3877 218 3922 Et
237 3875 344 3924 condam
362 3881 387 3923 et
404 3876 491 3923 molem
512 3877 589 3923 totius
612 3878 723 3936 corporis
745 3889 851 3924 crinem:
881 3890 921 3925 see
943 3876 1050 3927 v1499:
1078 3877 1158 3928 Lech.
1180 3879 1255 3928 reads

47 3963 184 4019 serpentem
199 3955 240 4004 for
256 3957 385 4017 serpentis,
400 3957 524 4018 mitraque
543 3955 608 4004 alter
626 3956 692 4004 Mar.
708 3956 782 4005 tunt.
795 3956 835 4005 for
849 3963 992 4019 strumum
1011 3957 1065 4007 and
1081 3958 1148 4007 after
1163 3957 1199 4008 all
1212 3958 1255 4008 his

47 4037 226 4090 construction
252 4036 276 4086 is
301 4051 362 4099 very
384 4037 477 4086 forced.
513 4040 529 4086 l.
548 4053 573 4085 o.
595 4039 718 4086 minantis
741 4040 870 4100 Serpentis
892 4041 999 4088 caudam
1016 4050 1121 4103 procero
1143 4056 1251 4104 corpore,

46 4122 166 4182 utrinque
183 4119 275 4170 Lamb.
393 4120 440 4169 662
456 4134 529 4181 seque
546 4126 612 4168 retro
629 4118 699 4170 Nice.
719 4119 761 4168 for
776 4135 877 4181 sequere
894 4128 970 4169 retro.
1080 4121 1128 4170 663
1147 4123 1254 4182 dotorem

46 4200 127 4253 Lech.
145 4200 185 4251 for
202 4201 293 4249 dolore.
395 4199 443 4249 674
460 4207 531 4248 tanto
548 4207 643 4261 operest
659 4201 740 4248 animi
759 4199 825 4249 Mar.
843 4200 884 4249 for
900 4207 971 4250 tanto
988 4216 1059 4262 opere
1076 4203 1187 4259 animat,
1206 4202 1254 4252 680

47 4287 147 4334 solitast
175 4285 256 4333 animi
283 4284 349 4332 Mar.
372 4282 431 4332 Ald.
457 4284 470 4330 1
493 4283 534 4331 for
561 4283 637 4331 solita
666 4284 782 4330 onimist:
812 4297 853 4331 ses
881 4282 937 4341 623,
966 4297 987 4330 11
1016 4283 1064 4333 275
1092 4282 1145 4332 and
1171 4281 1254 4332 Lach.

48 4367 129 4417 there.
228 4365 276 4422 676
296 4380 312 4413 a
333 4367 380 4414 leto
397 4364 487 4423 Lech„
508 4366 616 4426 longiter
630 4363 722 4412 Lamb.
740 4362 820 4412 Lach.
839 4364 906 4412 from
924 4363 1058 4413 Charisius
1073 4363 1126 4413 and
1142 4364 1251 4425 Nonius,
