2842 4860
148 537 279 601 corpora
300 536 382 600 quae
405 513 522 578 feriant
545 513 652 576 oculos
673 512 842 598 visumque
865 510 1031 578 lacessant.

148 625 369 704 perpetuoque
391 617 500 681 fluunt
522 615 618 680 certis
639 616 681 680 ab
703 616 799 680 rebus
821 617 932 682 odores
943 641 951 697 ;

149 720 249 806 frigus
270 728 309 784 ut
331 743 352 784 a
372 719 489 795 fluviis
511 719 596 783 calor
617 718 658 782 ab
681 718 755 794 sole,
777 727 887 783 aestus
908 719 950 783 ab
972 718 1068 782 undis

148 822 295 908 aequoris
317 845 428 888 exesor
448 844 629 886 moerorum
651 821 747 885 litora
768 821 896 886 circum.

148 949 207 990 nec
229 925 335 990 variae
358 933 483 989 cessant
505 946 598 988 voces
619 923 753 989 volitare
775 946 834 1009 per
855 946 956 988 auras.

148 1028 287 1114 denique
310 1027 345 1091 in
367 1051 402 1092 os
423 1026 498 1092 salsi
520 1027 611 1091 venit
632 1050 726 1092 umor
747 1050 843 1113 saepe
866 1027 996 1113 saporis

149 1154 222 1195 cum
245 1153 333 1196 mare
355 1154 520 1196 versamur
541 1138 681 1216 propter,
703 1131 871 1216 dilutaque
894 1140 1007 1195 contra

150 1257 223 1299 cum
246 1235 371 1299 tuimur
392 1234 518 1299 misceri
540 1234 712 1311 absinthia,
733 1235 842 1321 tangit
863 1257 995 1299 amaror.

149 1363 250 1424 usque
273 1340 354 1404 adeo
375 1339 524 1404 omnibus
546 1339 587 1403 ab
609 1340 705 1404 rebus
726 1362 777 1404 res
799 1362 945 1425 quaeque
968 1340 1109 1404 fluenter
1173 1397 1180 1401 .

151 1446 254 1509 fertur
275 1453 309 1509 et
331 1444 366 1507 in
388 1451 520 1508 cunctas
542 1443 722 1507 dimittitur
743 1443 886 1528 undique
909 1443 1011 1529 partis

151 1572 210 1612 nec
232 1570 322 1613 mora
342 1570 403 1612 nec
424 1547 552 1632 requies
573 1546 756 1611 interdatur
776 1547 844 1611 ulla
865 1547 997 1623 fluendi,

150 1661 307 1738 perpetuo
329 1651 481 1737 quoniam
504 1650 670 1727 sentimus
692 1659 727 1714 et
748 1650 857 1714 omnia
877 1672 1022 1736 semper·

150 1779 278 1820 cernere
301 1754 426 1820 odorari
447 1754 523 1819 licet
546 1762 580 1818 et
602 1753 721 1818 sentire
744 1775 864 1818 sonare.

193 1860 366 1924 Praeterea
386 1857 538 1944 quoniam
560 1857 710 1921 manibus
733 1866 873 1921 tractata
894 1856 999 1943 figura

150 1964 185 2027 in
207 1962 350 2028 tenebris
372 1962 531 2048 quaedam
554 1961 756 2048 cognoscitur
777 1984 845 2026 esse
868 1962 982 2025 eadem
1004 1984 1086 2047 quae

150 2067 293 2131 cernitur
313 2065 349 2129 in
370 2065 441 2130 luce
464 2074 499 2129 et
521 2065 605 2129 claro
627 2065 773 2141 candore,
794 2072 955 2129 necessest

151 2169 309 2235 consimili
331 2191 427 2233 causa
448 2177 573 2232 tactum
596 2167 764 2253 visumque
787 2167 917 2235 moveri.

150 2297 237 2337 nunc
258 2272 361 2359 igitur
381 2271 409 2336 si
431 2272 625 2357 quadratum
647 2280 847 2357 temptamus
869 2283 903 2338 et
925 2272 960 2336 id
981 2296 1039 2338 nos

151 2386 331 2442 commovet
352 2376 388 2440 in
409 2376 561 2454 tenebris,
582 2377 617 2440 in
639 2377 705 2441 luci
727 2400 809 2462 quae
832 2376 953 2462 poterit
974 2400 1025 2442 res

150 2481 293 2546 accidere
316 2481 358 2544 ad
380 2480 519 2566 speciem
542 2482 708 2566 quadrata,
729 2482 792 2546 nisi
814 2481 884 2547 eius
905 2481 1034 2569 imago?

152 2610 220 2651 esse
242 2586 277 2649 in
299 2584 496 2672 imaginibus
518 2593 715 2671 quapropter
736 2609 832 2650 causa
853 2586 984 2651 videtur

151 2688 307 2756 cernundi
328 2712 433 2774 neque
456 2712 547 2775 posse
570 2689 639 2754 sine
662 2689 713 2754 his
735 2713 785 2756 res
807 2692 875 2755 ulla
896 2691 1008 2758 videri.

151 2819 237 2860 nunc
260 2817 402 2879 eaquae
426 2794 496 2858 dico
518 2817 626 2859 rerum
649 2794 820 2859 simulacra
841 2797 991 2860 feruntur

151 2900 294 2986 undique
317 2908 352 2964 et
373 2898 409 2962 in
430 2906 563 2963 cunctas
584 2898 748 2963 iaciuntur
769 2898 873 2963 didita
894 2898 1013 2984 partis3

152 3025 264 3068 verum
286 3024 344 3065 nos
366 3001 466 3065 oculis
488 3000 565 3086 quia
586 3001 661 3065 solis
682 3024 811 3066 cernere
834 3000 972 3086 quimus,

151 3114 322 3192 propterea
342 3103 382 3168 fit
403 3103 463 3181 uti,
485 3103 625 3188 speciem
648 3126 711 3188 quo
734 3103 898 3180 vertimus,
921 3126 1031 3169 ornnes

121 3205 123 3207 ⁵
151 3233 201 3275 res
223 3210 270 3274 ibi
291 3232 363 3274 eam
386 3217 497 3273 contra
519 3207 636 3272 feriant
658 3209 760 3271 forma
781 3217 880 3293 atque
903 3208 1013 3274 colore.

152 3322 187 3379 et
208 3321 367 3399 quantum
390 3334 536 3397 quaeque
559 3311 600 3375 ab
622 3310 715 3375 nobis
736 3334 786 3375 res
808 3311 902 3390 absit,
924 3311 1031 3399 imago

100 3493 148 3542 216
163 3493 239 3540 mira.
271 3492 339 3539 mitti
354 3488 448 3548 Lach.;
465 3489 512 3538 but
523 3490 598 3539 Lucr.
613 3487 636 3537 is
646 3488 707 3539 here
719 3488 843 3551 speaking
854 3491 901 3538 not
913 3489 1008 3553 simply
1019 3490 1048 3539 of
1057 3489 1102 3539 the
1113 3489 1236 3540 omission
1248 3492 1277 3541 oi

66 3573 175 3636 images,
194 3573 241 3622 but
257 3572 285 3621 oi
300 3571 368 3620 their
385 3586 523 3619 enormous
541 3570 659 3634 volocity.
695 3571 847 3621 Itherefore
860 3572 923 3633 keep
936 3574 1012 3629 mira,
1024 3572 1077 3621 and
1089 3587 1200 3635 suppose
1210 3572 1274 3622 with

67 3657 202 3704 Purmann
218 3653 312 3702 Jahn’s
325 3652 414 3702 Jahrb.
428 3653 480 3701 vol.
495 3653 527 3704 67
538 3668 563 3715 p.
575 3653 624 3703 676
635 3651 688 3701 and
700 3651 797 3701 Goebel
808 3654 863 3703 obs.
876 3653 977 3701 Lucret.
990 3668 1015 3715 p.
1028 3655 1059 3702 25
1071 3652 1130 3702 that
1142 3669 1158 3703 a
1169 3669 1241 3704 verse
1252 3653 1275 3702 is

65 3738 126 3786 lost.
224 3736 273 3783 218
281 3737 369 3798 fluunt
382 3733 475 3783 Lamb.
487 3732 591 3796 rightly,
604 3748 633 3782 as
644 3749 671 3782 vr
683 3735 739 3795 924,
753 3733 893 3796 iorfluant.
927 3734 991 3782 This
1003 3735 1055 3784 and
1066 3735 1111 3784 the
1122 3738 1166 3785 ten
1178 3737 1274 3786 follow-

65 3820 112 3880 ing
122 3832 216 3878 verses,
225 3816 310 3866 which
321 3830 365 3865 are
376 3815 496 3877 repeated
504 3816 532 3864 in
542 3814 586 3863 the
595 3814 664 3863 sixth
675 3815 750 3873 book,
762 3830 826 3864 were
837 3815 1015 3879 undoubtedly
1025 3816 1121 3866 readin
1131 3817 1175 3868 the
1185 3818 1274 3868 fourth

65 3902 100 3964 by
120 3899 220 3949 Gellius
239 3899 291 3949 and
309 3897 419 3948 Nonius.
453 3897 535 3946 There
551 3897 574 3946 is
589 3912 624 3946 no
641 3896 761 3959 question
778 3897 904 3947 therefore
917 3897 975 3947 that
992 3898 1068 3949 Lucr.
1086 3915 1115 3949 or
1131 3900 1174 3948 his
1190 3900 1274 3950 editor

68 3981 160 4046 placed
168 3981 240 4032 them
246 3981 319 4039 here3
331 3979 404 4029 there
411 3979 434 4027 is
442 3978 495 4041 just
505 3994 534 4027 as
542 3978 609 4027 little
618 3977 738 4039 question
747 3977 806 4027 that
815 3978 876 4041 they
887 3994 931 4028 are
938 3978 1018 4028 much
1029 3995 1100 4029 more
1111 3981 1274 4044 appropriate

67 4067 97 4115 in
106 4080 133 4114 vr
143 4064 209 4115 than
219 4064 288 4114 here.
317 4065 376 4126 [219
392 4071 429 4112 ut.
459 4062 507 4112 See
518 4077 544 4111 n.
553 4064 580 4110 to
590 4077 617 4110 vr
629 4062 696 4124 92ὄ.]
779 4063 826 4113 229
838 4062 861 4111 is
872 4061 968 4125 ejected
979 4052 1014 4126 by
1022 4062 1101 4112 Lach.
1111 4061 1171 4112 here
1182 4062 1235 4112 and
1245 4062 1274 4112 in

66 4147 112 4198 the
123 4146 193 4196 sixth
204 4146 285 4195 book:
303 4144 325 4194 it
335 4147 406 4193 must
417 4144 431 4192 I
442 4143 520 4192 think
531 4144 562 4193 be
573 4143 689 4194 retained
699 4143 728 4192 in
736 4143 801 4194 both
811 4145 897 4206 places
906 4161 912 4203 ;
930 4144 970 4193 for
979 4147 1006 4193 to
1015 4159 1061 4207 say
1069 4143 1128 4194 that
1134 4159 1171 4193 we
1178 4144 1273 4208 always

64 4229 180 4292 percsive
190 4229 226 4278 all
237 4226 327 4290 things
337 4227 361 4276 is
368 4242 385 4277 a
395 4226 487 4288 simpla
495 4225 645 4289 absurdity:
661 4240 699 4276 we
709 4226 805 4289 always
815 4227 882 4277 have
893 4227 1035 4285 sensatim,
1048 4226 1101 4275 and
1111 4241 1172 4289 may
1183 4230 1211 4276 at
1222 4241 1274 4290 any

64 4310 138 4368 time,
150 4311 177 4373 is
184 4324 219 4359 wc
227 4311 322 4372 plesse,
334 4309 405 4357 exart
416 4305 462 4357 tha
471 4320 549 4357 scum
558 4307 587 4357 ol
599 4305 671 4370 right
681 4307 757 4358 nell
768 4307 890 4371 hearing:
908 4307 985 4370 again
997 4309 1180 4370 Perpetuo...et
1191 4309 1276 4358 omnia

65 4406 163 4456 semper
171 4389 256 4440 would
268 4389 299 4440 bs
310 4402 344 4440 an
352 4386 556 4443 inarsntbtsr
628 4400 657 4440 aa
770 4389 819 4439 240
831 4390 916 4439 didita
928 4388 1004 4439 Pont.
1019 4388 1083 4438 Mar.
1096 4386 1155 4436 Ald.
1169 4388 1183 4436 1
1195 4388 1270 4439 Junt.
