2842 4860
648 194 664 256 I

139 368 173 425 et
194 359 338 446 fugitant
359 357 395 422 in
418 357 515 421 rebus
537 355 634 420 inane
657 356 840 440 relinquere
862 377 991 441 purum,

139 463 242 528 ardua
264 463 352 526 dum¹
367 468 531 534 metuunt,
553 459 714 523 amittunt
735 480 813 523 vera
833 459 909 535 viai,

139 588 200 631 nec
221 587 350 630 rursum
372 569 510 628 cernunt
532 570 684 646 exempto
706 561 803 627 rebus
825 561 916 626 inani

140 670 250 734 omnia
271 667 398 733 denseri
421 666 556 750 fierique
579 688 619 730 ex
641 666 792 731 omnibus
813 689 917 731 unum

142 795 265 858 corpus,
288 771 335 835 nil
359 771 400 835 ab
423 791 456 834 se
479 768 566 854 quod
589 768 690 853 possit
713 769 844 833 mittere
870 769 1004 854 raptim;

141 877 272 940 aestifer
295 874 379 958 ignis
402 873 453 937 uti
475 872 587 936 lumen
610 871 687 935 iacit
710 880 809 957 atque
831 894 992 957 vaporem,

141 988 180 1043 ut
202 979 313 1044 videas
336 1001 402 1041 non
424 999 443 1040 e
470 977 599 1061 stipatis
621 975 768 1060 partibus
791 998 867 1040 esse.

142 1084 228 1168 quod
251 1083 277 1148 si
300 1083 383 1146 forte
406 1081 471 1145 alia
492 1081 630 1145 credunt
652 1081 776 1145 ratione
799 1090 926 1166 potesse

142 1187 228 1271 ignis
249 1186 284 1249 in
307 1192 401 1250 coetu
425 1184 547 1268 stingui
569 1193 762 1269 mutareque
785 1206 931 1270 corpus⁴

143 1291 264 1355 scilicet
287 1313 327 1354 ex
349 1290 440 1353 nulla
460 1289 564 1353 facere
587 1288 621 1352 id
645 1288 671 1352 si
693 1297 785 1373 parte
807 1297 985 1373 reparcent‚

143 1393 266 1459 occidet
288 1393 330 1458 ad
352 1393 456 1457 nilum
480 1392 635 1456 nimirum
658 1393 806 1457 funditus
829 1394 923 1457 ardor

142 1496 247 1561 omnis
270 1506 304 1563 et
325 1520 342 1564 e
363 1497 430 1561 nilo
452 1497 533 1560 fient
555 1519 779 1582 quaecumque
803 1506 960 1562 creantur.

143 1623 219 1664 nam
241 1602 468 1686 quodcumque
490 1601 557 1664 suis
579 1608 745 1664 mutatum
767 1600 887 1679 'finibus
910 1601 987 1677 exit,

144 1704 297 1768 continuo
319 1704 380 1767 hoc
404 1726 490 1767 mors
514 1711 564 1768 est
588 1702 677 1767 illius
699 1703 783 1788 quod
807 1704 870 1767 fuit
893 1712 979 1769 ante.

144 1808 280 1893 proinde
302 1807 420 1892 aliquit
442 1829 594 1892 superare
616 1829 745 1871 necesse
769 1816 818 1871 est
839 1807 1001 1872 incolume
1024 1809 1104 1885 ollis,

146 1935 187 1976 ne
213 1911 275 1976 tibi
297 1933 347 1975 res
370 1910 504 1974 redeant
526 1909 567 1973 ad
590 1909 695 1973 nilum
717 1910 865 1975 funditus
887 1933 998 1976 omnes

145 2016 186 2079 de
208 2015 338 2098 niloque
360 2021 474 2077 renata
495 2013 637 2097 vigescat
659 2013 751 2098 copia
772 2035 888 2078 rerum.

145 2142 231 2184 nunc
253 2119 355 2202 igitur
376 2118 530 2202 quoniam
553 2117 732 2181 certissima
753 2140 885 2202 corpora
907 2120 1067 2203 quaedam

145 2230 222 2286 sunt
244 2244 327 2306 quae
349 2228 539 2284 conservant
562 2228 713 2284 naturam
737 2243 865 2306 semper
887 2222 1032 2299 eandem,

145 2348 284 2411 quorum
306 2325 399 2389 abitu
421 2333 480 2388 aut
501 2325 593 2389 aditu
616 2333 806 2409 mutatoque
828 2326 940 2390 ordine
962 2336 1094 2392 mutant

144 2439 296 2494 naturam
318 2451 368 2494 res
390 2437 424 2493 et
446 2437 640 2493 convertunt
662 2450 793 2513 corpora
815 2452 892 2508 sese,

145 2535 226 2602 scire
248 2534 325 2597 licet
346 2555 412 2597 non
435 2555 503 2598 esse
525 2533 604 2598 haec
627 2534 722 2618 ignea
744 2557 876 2620 corpora
896 2558 1013 2600 rerum.

146 2639 193 2702 nil
214 2639 348 2702 referret
370 2635 458 2700 enim
480 2637 640 2721 quaedam
662 2637 815 2702 decedere
838 2639 936 2716 abire,

144 2750 242 2827 atque
265 2741 329 2805 alia
349 2741 504 2817 adtribui,
527 2741 713 2827 mutarique
735 2742 848 2807 ordine
871 2744 1040 2827 quaedam,

146 2847 173 2910 si
194 2853 306 2909 tamen
329 2843 450 2908 ardoris
473 2853 625 2908 naturam
648 2854 765 2910 cuncta
786 2854 957 2925 tenerent;

58 3053 111 3089 was
122 3039 169 3088 the
180 3039 231 3088 last
242 3038 271 3087 in
282 3052 308 3100 p.
320 3039 351 3089 27
363 3037 391 3086 of
401 3036 446 3087 the
458 3036 595 3100 archetype
607 3036 658 3087 and
669 3037 797 3088 therefore
809 3053 843 3088 on
854 3038 900 3088 the
912 3039 1014 3089 outside
1021 3039 1131 3102 margin,
1141 3041 1194 3091 and
1203 3057 1232 3093 aa
1240 3042 1269 3092 in

58 3136 137 3184 many
148 3121 222 3170 other
233 3135 305 3170 cases
315 3119 369 3169 had
379 3119 484 3168 become
495 3120 581 3181 partly
592 3119 714 3182 illegible.
743 3128 854 3169 mussant
865 3120 935 3169 Flor.
947 3122 978 3170 31
991 3121 1080 3173 (lamb.
1091 3123 1167 3172 Pont.
1175 3124 1267 3175 Lamb.

58 3202 98 3252 ed.
116 3205 132 3251 2
148 3202 201 3253 and
217 3205 241 3264 3,
260 3205 309 3252 etc.
325 3201 435 3251 without
452 3216 534 3251 sense.
568 3204 642 3252 multi
657 3203 723 3252 Mar.
739 3203 813 3252 Junt.
828 3202 920 3253 Lamb.
934 3202 974 3252 ed.
987 3204 1010 3263 1,
1023 3206 1072 3253 etc.
1106 3207 1185 3256 inesse
1196 3207 1266 3260 Flor.

60 3287 92 3335 30
112 3300 175 3338 corr.
196 3285 254 3336 Ver.
274 3284 339 3336 Ven.
363 3283 421 3335 Ald.
447 3285 461 3332 1
484 3283 617 3334 Candidus
637 3287 665 3334 at
687 3284 738 3334 end
759 3285 787 3334 of
808 3285 882 3336 Junt.
924 3288 1026 3337 Memmi
1048 3287 1141 3340 Heins.
1166 3289 1195 3339 in
1216 3305 1268 3342 ms.

60 3371 143 3418 notes.
180 3370 289 3416 ‘amasae
305 3366 350 3417 ie.
365 3365 477 3427 daouoa’
494 3367 616 3419 Is.Voss.
630 3367 659 3416 in
669 3382 719 3435 ms.
732 3371 815 3421 notes.
850 3368 1027 3419 adesaeLach.
1059 3372 1178 3420 amussim
1188 3372 1265 3424 Bern.

59 3449 142 3499 ‘illud
160 3449 281 3499 Lucretio
300 3449 459 3512 Bernaysius
478 3449 619 3499 restituens
636 3449 708 3500 cedet
727 3450 804 3500 hodie
823 3450 876 3499 nisi
894 3451 971 3501 fallor
992 3451 1028 3501 H.
1051 3452 1181 3504 Munronir
1197 3458 1269 3506 acaci

59 3531 220 3582 emendanti’
231 3531 333 3581 Ritschl
344 3546 432 3596 opusc.
444 3547 467 3580 11
477 3546 501 3594 p.
514 3534 570 3583 272.
671 3532 720 3585 659
731 3549 792 3582 uera
802 3535 858 3582 viai
868 3533 892 3581 A
903 3548 967 3583 corr.
980 3534 1021 3583 for
1031 3551 1075 3585 uer
1085 3537 1156 3586 aula.
1210 3575 1212 3579 .

59 3616 108 3665 660
122 3617 196 3664 iacnt
210 3614 280 3664 Flor.
296 3617 328 3664 30
343 3629 409 3664 corr.
425 3615 491 3669 Mar.
509 3616 582 3664 Junt.
599 3615 639 3664 for
649 3617 735 3665 inane.
867 3616 915 3664 662
925 3619 1021 3678 raptim
1031 3617 1108 3667 Pont.
1120 3617 1217 3668 Arane.
1229 3619 1270 3668 for

57 3699 149 3760 raptis.
184 3697 305 3759 ‘quidam
320 3700 415 3761 ruptim
431 3701 584 3760 agnoscunt.
617 3697 746 3747 Marullus
762 3692 861 3748 autum*
881 3697 1014 3748 Candidus
1033 3703 1061 3749 at
1078 3699 1130 3749 end
1148 3701 1181 3748 of·
1193 3701 1266 3752 Junt.

58 3780 111 3830 and
126 3794 154 3829 so
168 3779 238 3828 Flor.
254 3781 286 3829 30
301 3794 365 3829 corr.
382 3779 435 3829 and
446 3780 510 3829 Mar.
523 3780 552 3828 in
563 3777 618 3828 cod.
630 3779 698 3829 Vict.
791 3795 797 3841 ⁴,
829 3780 877 3830 665
889 3782 945 3829 alia
955 3779 1036 3830 Lach.
1047 3780 1144 3844 rightly
1155 3782 1196 3831 for
1206 3785 1267 3834 mia.

58 3864 114 3911 ullo
131 3861 196 3913 Mar.
215 3861 273 3911 Ald.
292 3863 306 3910 1
324 3863 397 3912 Junt.
415 3865 464 3913 etc.
497 3879 550 3911 aaa
565 3861 636 3911 Nico.
654 3864 702 3911 etc.
801 3861 849 3912 666
866 3869 937 3911 coetu
953 3864 1050 3924 otioque·
1066 3864 1143 3912 Pont.
1156 3863 1269 3914 Tumeb.

57 3944 151 3995 Lamb.
168 3943 208 3993 ed.
225 3946 241 3993 2
258 3944 311 3994 and
327 3947 350 4006 3,
369 3949 418 3997 etc.
435 3945 476 3995 for
492 3952 574 3995 coetus
591 3947 696 4006 alioqui.
731 3953 828 3994 mature
845 3945 911 3996 Mar.
928 3945 1001 3994 Junt.
1016 3945 1056 3994 for
1069 3961 1175 3995 musore.
1209 3946 1269 3996 Ver.

58 4029 124 4078 Ven.
142 4027 208 4076 Mar.
225 4026 284 4077 Ald.
302 4028 316 4075 1
332 4028 426 4079 Lamb.
443 4028 484 4078 ed.
502 4030 516 4077 1
532 4028 599 4079 have
615 4029 737 4092 absurdly
751 4033 780 4079 in
796 4036 879 4079 coetera
895 4030 987 4091 tranat
998 4042 1154 4092 muasureqroe
1165 4044 1268 4090 colpum

57 4110 111 4160 and
121 4109 192 4160 Flor.
207 4110 238 4158 31
250 4109 340 4161 camb.
350 4126 467 4162 mussare.
574 4111 621 4160 668
628 4112 748 4174 funditas
760 4111 786 4172 B}
794 4125 858 4160 corr.
870 4110 911 4158 for
916 4111 1046 4173 funditur.
1082 4108 1269 4159 ardorAcorr.

56 4193 129 4243 Nioc.
141 4192 182 4240 for
196 4194 278 4242 arbor.
409 4193 457 4245 674
472 4193 583 4255 virescat
598 4192 691 4242 Heins.
702 4192 731 4241 in
741 4188 821 4261 *lrotes
833 4191 885 4241 and
896 4191 975 4240 Lach.
987 4192 1029 4240 for
1039 4193 1168 4241 eiecerat:
1185 4205 1268 4252 comp.

59 4278 117 4329 757.
158 4276 269 4324 virescat
290 4274 361 4324 Nice.
379 4273 449 4336 vulg.
582 4275 630 4324 680
647 4275 762 4324 decedere
780 4273 873 4323 Lamb.
891 4272 971 4323 Laeh.
991 4276 1039 4322 etc.
1059 4272 1099 4321 for
1117 4273 1270 4321 merendare.

57 4357 186 4410 discedere
202 4357 224 4404 Α
239 4371 303 4405 corr.
320 4356 386 4406 Mar.
403 4356 476 4406 Junt.
490 4359 538 4405 etc.
670 4357 717 4423 681
730 4357 785 4409 ullu
798 4355 863 4404 Mar.
875 4354 967 4404 Lamb.
979 4357 1049 4403 most
1060 4352 1156 4416 rightly
1167 4353 1207 4402 for
1216 4355 1271 4402 clio
