2842 4860
745 242 795 306 IV

251 426 354 491 usque
376 405 456 472 adeo
477 406 589 494 magni
609 407 708 473 refert
730 406 876 472 studium
898 414 997 494 atque
1020 408 1178 494 voluptas,

252 516 287 574 et
309 509 426 596 quibus
448 509 483 575 in
504 511 602 576 rebus
624 511 807 576 consuerint
829 534 897 576 esse
920 511 1045 597 operati
1310 511 1370 592 985

252 637 317 679 non
338 615 484 681 homines
505 616 609 681 solum
632 616 689 681 sed
710 638 785 682 vero
807 616 959 681 animalia
981 624 1103 682 cuncta

253 720 373 809 quippe
396 720 521 785 videbis
544 743 642 807 equos
664 722 764 799 fortia,
787 744 861 785 curn
882 720 1029 786 membra
1049 719 1212 798 iacebunt,

252 821 428 888 insomnis
450 824 565 889 sudare
587 831 698 888 tamen
721 822 905 909 spirareque
928 845 1056 908 semper

254 936 289 993 et
311 928 404 1015 quasi
427 929 467 995 de
490 929 600 1015 palma
622 951 765 993 summas
788 926 983 993 contendere
1005 927 1091 1004 viris,

200 1022 207 1037 ’
253 1040 312 1097 aut
334 1034 426 1120 quasi
448 1033 626 1099 carceribus
648 1033 819 1120 patefactis

167 1151 233 1219 999
254 1145 497 1224 venantumque
520 1159 615 1202 canes
637 1136 672 1200 in
694 1136 784 1201 molli
807 1158 902 1222 saepe
924 1135 1034 1222 quiete

168 1257 229 1322 991
255 1238 379 1305 iactant
401 1263 494 1306 crura
514 1248 626 1305 tamen
649 1240 758 1305 subito
780 1240 929 1326 vocisque
951 1246 1085 1326 repente

254 1342 395 1408 mittunt
417 1352 451 1409 et
474 1345 584 1410 crebro
605 1344 786 1410 redducunt
808 1343 941 1407 naribus
962 1363 1064 1419 auras,

254 1454 293 1512 ut
315 1448 453 1536 vestigia
473 1448 501 1512 si
522 1456 658 1513 teneant
678 1447 813 1512 inventa
834 1447 981 1525 ferarum,

255 1552 535 1639 expergefactique
558 1559 712 1618 secuntur
732 1550 843 1616 inania
865 1572 959 1636 saepe
1312 1563 1373 1634 995

168 1670 230 1740 995
256 1678 421 1722 cervorum
443 1655 621 1734 simulacra,
643 1656 739 1742 fugae
762 1654 854 1741 quasi
876 1653 987 1719 dedita
1008 1662 1150 1732 cernant,

256 1760 357 1825 donec
378 1759 527 1824 discussis
548 1758 683 1824 redeant
705 1757 864 1823 erroribus
886 1757 928 1823 ad
950 1780 991 1823 se.

255 1873 291 1930 at
313 1872 466 1930 consueta
487 1864 575 1930 dorni
596 1865 776 1930 catulorum
797 1863 917 1928 blanda
938 1886 1079 1950 propago

170 1971 234 2053 998
257 1968 417 2034 discutere
441 1977 476 2035 et
497 1991 611 2054 corpus
634 1968 674 2034 de
697 1975 783 2033 terra
805 1967 961 2054 corripere
982 1967 1108 2032 instant
1313 1985 1376 2053 999

256 2069 389 2157 proinde
412 2070 504 2156 quasi
526 2071 653 2159 ignotas
675 2071 772 2136 facies
794 2078 893 2156 atque
916 2093 971 2134 ora
992 2077 1135 2134 tuantur.
1295 2087 1377 2152 1004

257 2183 291 2240 ct
314 2197 377 2261 quo
400 2198 546 2261 quaeque
569 2175 672 2263 magis
694 2183 771 2239 sunt
794 2198 907 2261 aspera
928 2175 1144 2255 seminiorum,

256 2287 325 2344 tarn
347 2279 451 2366 magis
473 2279 508 2343 in
530 2279 648 2344 somnis
671 2278 784 2344 eadem
806 2279 928 2344 saevire
950 2287 1121 2344 necessust.

256 2390 292 2447 at
313 2382 420 2447 variae
443 2381 575 2470 fugiunt
596 2383 740 2447 volucres
761 2381 934 2469 pinnisque
955 2390 1090 2468 repente

257 2485 432 2551 sollicitant
454 2485 561 2550 divom
584 2493 740 2550 nocturno
763 2494 907 2571 ternpore
930 2487 1026 2565 lucos,

257 2589 424 2675 accipitres
446 2611 557 2654 somno
578 2588 613 2653 in
636 2589 702 2654 leni
724 2589 751 2653 si
773 2590 895 2674 proelia
915 2612 1041 2678 pugnas

257 2694 351 2760 cdere
373 2700 450 2758 sunt
471 2700 690 2779 persectantes
712 2693 863 2779 visaeque
885 2693 1037 2759 volantes,
1296 2715 1379 2765 1010

257 2821 350 2885 porro
372 2797 540 2862 hominum
561 2805 696 2877 mentes,
718 2797 844 2886 magnis
866 2821 949 2884 quae
971 2799 1114 2864 motibus
1136 2800 1239 2865 edunt

256 2926 383 2992 magna,
406 2903 521 2968 itidem
543 2926 639 2989 saepe
662 2902 697 2967 in
720 2903 838 2969 somnis
861 2903 1048 2990 faciuntque
1070 2913 1263 2992 geruntque‚

257 3038 348 3104 reges
370 3024 568 3105 expugnant,
590 3016 771 3102 capiuntur,
792 3017 914 3103 proclia
935 3016 1081 3096 miscent,

257 3121 378 3185 tollunt
401 3122 571 3186 clamorem
594 3120 687 3208 quasi
708 3121 735 3186 si
756 3121 947 3209 iugulentur
967 3120 1097 3187 ibidem.

257 3224 354 3289 multi
376 3224 566 3313 depugnant
587 3224 794 3313 gemitusque
817 3224 978 3290 doloribus
1001 3224 1103 3290 edunt
1297 3243 1380 3312 1015

171 3420 319 3482 deceatque.
433 3418 482 3471 984
498 3421 613 3482 voluptas
631 3418 711 3470 Lach.
732 3419 915 3469 ferocientes.
1055 3419 1103 3470 989
1120 3419 1150 3468 de
1165 3421 1254 3482 palma
1272 3436 1384 3475 sammua

170 3501 263 3552 hamb.
275 3501 315 3551 for
328 3502 435 3564 palmae.
465 3501 560 3564 palmia
571 3500 594 3549 A
606 3513 670 3549 corr.
682 3500 753 3549 Nico.
767 3500 801 3549 all
815 3501 901 3550 before
912 3498 1003 3549 hamb.
1143 3501 1191 3553 990
1207 3517 1281 3565 saepe
1296 3506 1384 3567 quiete

170 3583 256 3633 which
267 3598 330 3633 mss.
343 3582 394 3633 add
405 3586 433 3633 at
444 3581 496 3633 end
505 3581 554 3632 has
566 3582 595 3630 01
605 3597 695 3631 course
707 3597 780 3632 come
792 3582 859 3631 from
871 3583 916 3634 99]
933 3580 1000 3647 (999)
1011 3582 1064 3631 and
1076 3581 1231 3646 supplanted
1242 3582 1289 3634 1110
1296 3587 1383 3638 words

171 3668 200 3718 01
213 3667 290 3716 111101.
324 3667 439 3727 colligere
457 3672 551 3714 01010111
568 3663 751 3714 Lachchere:
768 3666 832 3714 celle
848 3666 933 3714 velere
950 3662 1034 3724 might
1048 3664 1104 3713 also
1118 3664 1160 3714 do.
1242 3666 1290 3716 991
1311 3667 1383 3733 (999)

171 3763 224 3801 was
235 3747 347 3810 brought
357 3746 419 3796 here
433 3747 467 3809 by
478 3745 536 3796 Ald.
549 3746 564 3794 1
575 3746 649 3795 Junt.
662 3744 714 3795 and
725 3745 759 3808 by
770 3746 850 3804 Mon,
862 3745 910 3794 but
925 3744 997 3795 there
1012 3745 1060 3796 998
1072 3746 1119 3796 999
1134 3748 1192 3808 (997
1204 3746 1261 3812 998)
1274 3751 1383 3810 precede

170 3830 200 3881 it.
307 3830 355 3880 992
371 3831 454 3878 cocis:
472 3843 514 3876 see
525 3843 552 3877 n.
564 3828 675 3878 101744
681 3828 776 3891 frugis.
810 3842 880 3876 eecce
891 3825 972 3876 Lech.
984 3825 1053 3888 vulg.
1153 3828 1201 3877 996
1214 3829 1294 3890 sagae
1312 3829 1381 3882 Mar.

170 3913 227 3965 Ald.
242 3913 256 3960 1
269 3912 342 3961 Junt.
355 3909 412 3959 first
425 3910 464 3959 for
475 3911 551 3974 suga.
690 3909 738 3960 997
754 3910 857 3958 redeant
870 3909 994 3958 0110110110
1007 3908 1099 3957 Lamb.
1111 3909 1177 3958 after
1188 3908 1326 3960 Turnebus
1340 3913 1382 3963 101

169 3997 274 4045 redeant
293 3993 435 4042 terroribus.
581 3990 743 4039 1000-1003
763 4004 807 4039 ere
826 3989 923 4053 merely
942 3991 1072 4042 992-995
1090 3990 1211 4053 repeated
1227 3991 1337 4045 because
1354 3996 1384 4046 01

171 4072 659 4144 99109101000111100001011029.
759 4073 823 4121 1005
836 4088 892 4135 qua
921 4088 995 4135 quom
1005 4073 1230 4136 Lambvvrongly.
1308 4082 1381 4128 aemi.

170 4159 387 4211 neocaesarea
406 4170 488 4206 corum
506 4153 599 4204 Lamb.
623 4153 740 4203 ί11011111.
760 4156 786 4204 et
803 4155 871 4217 vulg.
890 4154 991 4205 semina
1005 4155 1106 4205 eorum’
1128 4171 1187 4218 says
1204 4156 1256 4207 Gis.
1276 4159 1331 4208 and
1352 4175 1381 4210 00

171 4245 235 4295 Μ111.
246 4240 359 4303 changes
369 4241 526 4289 conviciorum
537 4238 563 4286 ol
574 4237 644 4287 Mon.
657 4240 684 4286 to
695 4240 790 4286 semina
800 4253 889 4290 0011101.
926 4237 942 4286 J
945 4240 999 4288 unt.
1012 4238 1061 4288 has
1072 4237 1168 4301 rightly
1179 4243 1346 4292 scrutatorum.

205 4326 268 4376 1009
285 4338 332 4387 quc
343 4321 457 4384 wrongly
468 4320 551 4371 added
567 4321 600 4384 by
611 4320 677 4369 Mar.
689 4319 747 4370 Ald.
760 4321 774 4369 1
786 4321 860 4371 Junt.
872 4321 941 4383 vulg.
953 4323 981 4372 at
996 4321 1062 4373 end:
1080 4336 1122 4372 see
1137 4336 1159 4371 11
1171 4323 1226 4376 118.
1313 4325 1379 4376 1011

171 4411 277 4466 motibus
292 4407 364 4461 Mon.
375 4406 452 4462 Pont.
463 4405 522 4460 alu.
538 4406 552 4458 1
569 4406 643 4459 Junt.
654 4403 723 4472 vulg.
742 4403 783 4457 for
797 4406 926 4458 sumitve.
962 4406 1059 4471 Magna
1073 4404 1087 4453 1
1101 4403 1157 4471 join
1168 4404 1231 4458 with
1242 4404 1312 4458 what
1324 4421 1380 4473 pre.
