2842 4860
174 381 288 446 corpus
311 369 345 424 et
368 360 470 423 aerias
493 381 589 424 auras
613 380 780 443 roremque
805 358 945 443 liquoris,

174 463 222 526 nil
246 464 281 527 in
303 464 437 528 concilio
461 471 611 528 naturam
635 470 674 526 ut
698 470 804 526 mutet
828 485 947 540 eorum,

156 568 264 632 'nulla
288 567 350 633 tibi
375 591 415 632 ex
442 568 506 632 illis
531 566 652 654 poterit
675 589 725 631 res
750 588 818 631 esse
840 575 956 644 creata,

174 693 240 734 non
263 672 419 749 animans,
443 693 506 735 non
531 671 680 736 exanimo
704 693 778 735 cum
803 693 940 755 corpore,
964 678 1002 734 ut
1025 670 1135 734 arbos:

175 774 294 860 quippe
319 797 409 839 suam
433 774 573 860 quicque
598 774 632 837 in
655 781 749 838 coetu
774 773 929 838 variantis
951 775 1055 838 acervi

175 886 325 942 naturam
348 879 497 943 ostendet
522 877 709 961 mixtusque
735 876 900 940 videbitur
922 899 977 941 aer

126 1022 129 1027 ›
175 1004 249 1045 cum
272 991 359 1048 terra
382 982 480 1046 simul
503 990 600 1066 atque
625 982 718 1045 ardor
742 1004 816 1045 cum
840 1004 911 1046 rore
935 1003 1072 1047 manere.
1171 976 1174 982 ’

175 1093 210 1149 at
231 1085 405 1170 primordia
427 1085 600 1171 gignundis
625 1085 658 1149 in
684 1086 780 1150 rebus
805 1094 932 1171 oportet

174 1199 324 1253 naturam
348 1188 581 1253 clandestinam
606 1211 798 1272 caecamque
822 1188 985 1266 adhibere,

176 1293 317 1357 emineat
344 1291 465 1377 nequid
489 1291 575 1377 quod
599 1300 711 1356 eontra
735 1300 860 1376 pugnet
887 1300 920 1356 et
946 1294 1053 1357 obstet

175 1397 347 1480 quominus
372 1418 440 1461 esse
463 1404 563 1481 queat
585 1396 713 1481 proprie
738 1397 964 1482 quodcumque
990 1406 1124 1464 creatur.

220 1499 307 1578 Quin
333 1500 433 1564 etiam
457 1509 610 1585 repetunt
634 1523 654 1563 a
677 1501 764 1564 caelo
788 1510 886 1586 atque
910 1500 1041 1586 ignibus
1065 1502 1134 1566 eius

119 1659 122 1666 .
177 1611 210 1666 et
233 1603 374 1687 primum
400 1604 523 1667 faciunt
547 1605 656 1689 ignem
683 1625 717 1667 se
740 1612 866 1668 vertere
888 1604 924 1668 in
947 1627 1041 1669 auras

176 1707 266 1782 aeris,
289 1706 366 1771 hinc
390 1706 528 1771 imbrem
551 1708 641 1792 gigni
668 1716 852 1792 terramque
879 1709 979 1773 creari

177 1833 217 1874 ex
240 1811 336 1876 imbri
360 1820 509 1896 retroque
533 1835 553 1876 a
578 1821 664 1876 terra
689 1820 806 1876 cuncta
829 1810 956 1889 reverti,

177 1936 321 1979 umorem
343 1915 494 2000 primum,
516 1924 590 2000 post
611 1939 694 1992 aera,
717 1915 834 1980 deinde
856 1917 1002 1994 calorem,

177 2040 236 2082 nec
259 2039 381 2082 cessare
403 2019 483 2082 haec
506 2018 592 2082 inter
614 2041 648 2083 sc
671 2028 808 2096 mutare,
830 2041 938 2083 meare

177 2143 197 2184 a
218 2122 306 2186 caelo
328 2122 368 2186 ad
391 2129 522 2199 terram,
544 2121 585 2186 dc
608 2130 693 2186 terra
715 2122 756 2186 ad
780 2122 886 2186 sidera
907 2122 1029 2187 mundi.
1122 2112 1125 2116 λ

176 2224 262 2310 quod
284 2226 387 2290 facere
409 2225 496 2290 haud
519 2226 585 2290 ullo
608 2225 727 2290 debent
749 2227 925 2312 primordia
946 2235 1057 2312 pacto;

95 2361 108 2418 -j
156 2343 158 2346 ’
178 2329 382 2394 immutabile
404 2329 492 2393 enim
514 2329 670 2414 quiddam
693 2352 843 2414 superare
865 2339 1033 2406 necessest,

177 2455 219 2497 ne
241 2456 292 2498 res
314 2434 355 2498 ad
377 2434 481 2498 nilum
504 2434 694 2520 redigantur
715 2435 864 2498 funditus
886 2456 1004 2498 omnes.

177 2559 253 2601 nam
276 2537 500 2622 quodcumque
523 2539 589 2602 suis
611 2546 775 2602 mutatum
798 2537 918 2602 finibus
939 2539 1018 2615 exit,

178 2642 329 2706 continuo
351 2643 412 2706 hoc
433 2665 519 2706 mors
542 2653 591 2706 est
613 2642 702 2707 illius
725 2643 811 2727 quod
834 2643 898 2707 fuit
920 2651 1005 2707 ante.

179 2756 375 2831 quapropter
396 2746 549 2831 quoniam
572 2769 655 2831 quae
677 2747 774 2832 paulo
797 2746 937 2810 diximus
959 2755 1036 2811 ante

177 2849 213 2912 in
234 2858 470 2915 commutatum
492 2851 637 2928 veniunt,
661 2860 806 2915 constare
829 2858 989 2915 necessest

179 2976 219 3018 ex
241 2955 313 3019 aliis
335 2977 383 3033 ea,
403 2977 486 3040 quae
509 2965 674 3042 nequeant
696 2957 876 3021 convertier
897 2977 1044 3041 usquam,

178 3080 221 3123 ne
242 3059 303 3123 tibi
325 3082 376 3125 res
398 3062 532 3126 redeant
554 3061 595 3126 ad
617 3062 722 3125 nilum
744 3060 892 3125 funditus
914 3080 1032 3122 omnes.

178 3161 260 3248 quin
281 3163 389 3247 potius
411 3162 471 3227 tali
492 3172 611 3227 natura
632 3163 779 3248 praedita
801 3161 961 3248 quaedam

179 3287 308 3350 corpora
331 3267 517 3344 constituas,
539 3267 648 3351 ignem
672 3267 698 3330 si
720 3268 803 3331 forte
826 3265 973 3340 crearint,

179 3390 270 3453 posse
293 3370 405 3433 eadem
429 3370 570 3455 demptis
591 3372 702 3455 paucis
724 3370 900 3456 paucisque
922 3367 1065 3444 tributis
1235 3369 1299 3430 800

90 3576 154 3639 inp·
278 3579 326 3630 772
341 3585 370 3626 ut
386 3577 408 3626 B
425 3593 489 3629 corr.
507 3577 575 3629 rior.
595 3580 625 3628 sl
638 3579 726 3630 Gamb.
741 3579 781 3628 for
793 3586 825 3628 et.
957 3578 1005 3630 774
1017 3579 1132 3626 animam
1144 3574 1220 3624 Pont.
1232 3574 1299 3623 Mar.

89 3659 163 3710 lunt
179 3657 336 3708 roraaimas.
434 3661 482 3711 775
493 3661 600 3722 quicque
611 3662 640 3708 irs
650 3668 721 3709 coela
731 3660 796 3712 Mar.
810 3660 881 3710 Junt
897 3659 937 3708 for
948 3661 1052 3721 quisque
1064 3660 1093 3707 irs
1104 3664 1206 3707 coetum.
1269 3664 1273 3672 “

122 3741 172 3792 776
187 3741 299 3790 assues
312 3740 382 3790 Flor.
397 3741 429 3791 s1
445 3740 541 3791 Avanc.
557 3742 597 3792 for
612 3744 727 3794 ostendit.
860 3745 908 3793 777
923 3749 976 3804 atq.
990 3741 1067 3790 ardor
1077 3754 1132 3789 cam
1141 3753 1196 3789 rore
1207 3736 1297 3788 hamb.

89 3823 194 3888 acutely
211 3823 253 3872 for
271 3831 296 3873 et
312 3825 421 3886 quodam
438 3839 493 3874 cam
511 3840 574 3874 rore.
713 3826 762 3877 778
781 3826 853 3873 rebus
870 3829 972 3886 oportet.
994 3821 1062 3872 rebc’
1081 3814 1199 3869 necessest
1218 3817 1297 3868 Lach.

89 3907 169 3957 Bern.
188 3904 300 3954 without
318 3920 371 3968 any
388 3905 529 3967 necessity:
553 3905 576 3954 il
593 3905 697 3955 Ennius
718 3905 811 3955 Accius
835 3905 931 3956 Seneca
954 3903 1082 3962 Catullus,
1105 3903 1187 3964 Virgil
1208 3903 1237 3952 in
1259 3902 1301 3951 his

89 3987 216 4050 eclogues,
236 3986 384 4049 Propertius
402 3986 468 4037 Ovid
485 3987 537 4038 and
555 3986 644 4036 others
660 4002 709 4037 can
726 4002 772 4036 use
789 3985 833 4037 the
849 3986 926 4043 word,
943 3985 965 4034 it
981 3984 1005 4034 is
1021 3986 1068 4034 not
1084 3988 1128 4034 too
1144 3983 1245 4049 prosaic
1260 3985 1301 4034 for

89 4073 167 4124 Lucr.
275 4072 325 4124 780
335 4073 454 4120 Emiserat
465 4071 608 4132 Naugerius
618 4071 675 4120 first
687 4072 726 4120 for
737 4072 870 4120 destineat.
981 4071 1027 4121 781
1039 4069 1249 4119 creatorAeorr.
1261 4068 1302 4117 for

90 4164 197 4208 erector.
298 4153 345 4204 784
365 4153 412 4206 785
432 4154 489 4202 hiae
509 4155 618 4215 imbrem,
641 4169 671 4203 cs
688 4155 773 4211 imbri,
790 4169 807 4202 a
825 4161 892 4202 terra
909 4152 974 4202 Mar.
991 4151 1048 4202 Ald.
1069 4150 1153 4200 land
1169 4151 1243 4200 Junt.
1261 4150 1301 4199 lor

91 4241 149 4288 lam
165 4239 257 4298 samm,
271 4250 302 4284 ea
319 4236 382 4296 ipat,
395 4236 424 4283 irs
440 4241 545 4284 terram:
563 4234 608 4284 the
623 4234 722 4295 change
733 4233 756 4283 is
767 4232 950 4298 peremptorily
962 4231 1095 4294 required:
1113 4231 1231 4280 Catullus
1242 4231 1273 4280 62
1286 4233 1301 4280 7

91 4324 180 4372 intres
199 4333 261 4370 mss.
284 4319 324 4367 for
343 4320 420 4379 ipses.
520 4320 567 4369 789
581 4326 657 4382 pacto
678 4318 749 4367 Mon.
769 4317 826 4367 Ald.
848 4319 860 4366 l
881 4316 953 4366 Junt.
974 4317 1014 4364 lor
1028 4317 1110 4378 sacto.
1208 4314 1256 4362 806
1274 4321 1302 4362 ul

179 4435 214 4485 nt
1196 4417 1213 4474 5
