2842 4860
616 248 671 311 ΙΙΙ

171 409 246 474 Huc
267 407 391 474 accedit
414 409 464 473 uti
487 407 663 485 videamus,
687 431 801 494 corpus
824 419 862 475 ut
884 410 990 495 ipsum

127 512 286 597 suscipere
309 511 449 576 inmanis
472 512 598 576 morbos
620 513 803 596 durumque
826 512 976 590 dolorem,

113 614 172 686 ,sic
194 614 339 678 animum
362 635 453 678 ouras
475 613 556 677 acris
577 613 767 698 luctumque
789 622 997 700 metumque3

127 741 226 802 quare
247 719 440 803 participem
461 718 520 783 leti
542 741 671 803 quoque
693 718 844 783 convenit
866 741 944 784 esse.

127 823 206 907 quin
228 823 328 887 etiarn
350 823 471 887 morbis
492 822 527 886 in
549 822 688 908 corporis
710 822 801 886 evius
825 831 910 887 errat

127 949 222 1012 saepe
244 928 390 1006 animus;
420 927 580 992 dementit
602 928 689 991 enim
712 926 877 1011 deliraque
900 927 987 990 fatur

127 1031 358 1117 interdumque
380 1031 471 1116 gravi
493 1030 639 1114 lethargo
661 1030 764 1094 fertur
785 1029 820 1092 in
842 1030 946 1093 altum

128 1144 360 1219 aeternumque
384 1156 529 1219 soporem
552 1133 651 1198 oculis
674 1141 822 1216 nutuque
844 1132 983 1212 cadenti,

128 1236 215 1300 unde
237 1258 342 1320 neque
366 1236 500 1300 exaudit
521 1258 613 1300 voces
635 1258 694 1300 nec
716 1258 845 1301 noscere
867 1237 975 1301 voltus

128 1340 257 1403 illorum
279 1341 364 1426 potis
386 1349 445 1418 est,
469 1340 510 1404 ad
532 1342 634 1404 vitam
657 1341 714 1426 qui
735 1350 922 1406 revocantes

128 1443 337 1507 circumstant
359 1443 498 1507 lacrimis
520 1452 663 1507 rorantes
685 1466 740 1508 ora
761 1466 933 1529 genasque.

129 1571 228 1633 quare
250 1547 396 1611 animum
418 1570 546 1633 qnoque
569 1547 701 1612 dissolui
723 1549 842 1611 fateare
865 1557 1034 1626 necessest,

107 1650 389 1736 quandoquidem
412 1660 585 1737 penetrant
606 1651 640 1714 in
664 1674 739 1715 eurn
762 1651 910 1738 contagia
931 1652 1053 1732 morbi;

129 1781 205 1822 narn
227 1759 317 1822 dolor
338 1781 375 1822 ac
398 1758 527 1822 morbus
551 1757 610 1821 leti
631 1756 803 1821 fabricator
825 1765 1001 1841 uterquest,

129 1862 306 1925 multorum
329 1861 429 1926 exitio
451 1861 596 1946 perdocti
619 1861 705 1946 quod
728 1883 838 1925 sumus
860 1870 945 1926 ante.

130 1966 269 2051 denique
292 1988 382 2050 quor,
406 1965 571 2029 hominem
594 1987 668 2028 cum
690 1964 758 2028 vini
779 1964 829 2029 vis
850 1967 1032 2049 penetravit

131 2069 210 2134 acris
233 2069 324 2134 etin
346 2091 444 2133 venas
467 2068 612 2132 discessit
633 2068 755 2132 diditus
778 2067 878 2144 ardor,

131 2173 337 2258 consequitur
357 2172 499 2258 gravitas
522 2172 748 2249 mernbromm,
771 2171 1024 2256 praepediuntur

130 2298 222 2339 crura
242 2275 415 2352 vacillanti,
438 2274 591 2339 tardescit
612 2275 732 2360 lingua,
755 2274 865 2340 madet
887 2297 987 2350 mens

130 2387 210 2443 nant
233 2380 325 2456 oculi,
347 2380 467 2443 elamor
488 2380 649 2464 singultus
670 2379 777 2464 iurgia
798 2380 947 2464 gliscunt,

131 2492 164 2546 et
185 2483 251 2546 iam
273 2491 380 2546 cetera
401 2483 442 2545 de
464 2505 581 2567 genere
603 2482 663 2546 hoc
686 2503 908 2567 quaecumque
931 2489 1089 2560 secuntur,

131 2608 187 2649 cur
209 2609 247 2650 ea
270 2595 354 2664 sunt,
376 2586 439 2650 nisi
462 2586 548 2672 quod
569 2608 700 2650 vemens
722 2586 877 2650 violentia
899 2586 967 2650 vini

131 2690 323 2753 conturbare
346 2689 488 2752 animam
515 2689 681 2753 consuevit
703 2708 832 2773 corpore
854 2689 890 2752 in
912 2689 1006 2774 ipso?

131 2800 165 2856 at
187 2814 410 2877 quaecumque
433 2801 559 2877 queunt
581 2792 765 2856 conturbari
787 2791 887 2877 inque
908 2791 1021 2878 pediri,

130 2897 322 2980 significant,
346 2898 442 2982 paulo
465 2897 492 2961 si
514 2897 623 2961 durior
645 2897 817 2961 insinuarit

130 3022 233 3078 causa,
256 3000 322 3063 fore
344 3010 383 3064 ut
405 3009 541 3085 pereant
562 3023 640 3065 aevo
662 3001 789 3086 privata
811 3001 929 3065 futuro.

131 3105 211 3188 quin
233 3104 333 3169 etiam
355 3105 462 3169 subito
485 3106 517 3169 vi
539 3106 643 3170 morbi
665 3128 760 3190 saepe
783 3116 911 3170 coactns

131 3217 206 3272 ante
230 3209 336 3272 oculos
359 3208 476 3293 aliquis
498 3217 631 3286 nostros,
653 3216 692 3272 ut
713 3209 858 3272 fulminis
880 3209 957 3286 ictu,

131 3313 270 3378 concidit
293 3322 326 3378 ct
349 3336 479 3398 spumas
501 3313 579 3399 agit,
600 3314 738 3399 ingemit
761 3322 794 3378 et
817 3314 929 3378 tremit
950 3323 1050 3395 artus,

131 3418 258 3503 desipit,
280 3425 429 3494 extentat
451 3440 573 3495 nervos
595 3426 775 3503 torquetur,
796 3418 930 3482 anhelat

130 3523 357 3598 inconstanter,
380 3531 413 3586 et
435 3521 470 3584 in
492 3521 641 3585 iactando
663 3521 809 3585 membra
830 3520 956 3606 fatigat.

130 3627 284 3690 nimirum
306 3626 382 3710 quia
404 3626 453 3690 vis
474 3626 578 3691 morbi
600 3627 753 3690 distracta
775 3648 833 3710 per
853 3636 944 3691 artus

42 3891 107 3928 corr.
122 3874 194 3924 Junt.
209 3873 298 3923 Lamb.
313 3876 360 3922 not
372 3872 437 3921 Mar.
539 3873 588 3925 472
606 3875 675 3924 dolor
685 3873 755 3926 Nico.
769 3874 898 3938 forpolor.
964 3876 1251 3941 474475thuouiam

42 3965 147 4008 arentem
157 3959 244 4005 sonari
256 3971 343 4017 corpus
359 3964 388 4004 ut
403 3971 505 4017 caprum
516 3959 553 4005 Et
565 3960 667 4019 pariter
682 3965 785 4008 mentem
796 3961 886 4008 sanari
900 3975 988 4022 corpur
1001 3962 1088 4009 inani:
1107 3975 1141 4009 an
1157 3961 1252 4010 absurd

41 4037 243 4100 interpolation:
262 4037 405 4095 474=510;
426 4038 466 4085 for
482 4039 531 4091 475
547 4038 613 4087 Mar.
630 4038 689 4087 Ald.
707 4040 721 4088 1
740 4040 816 4089 Junt.
835 4040 976 4090 substitute
994 4042 1051 4090 511.
1084 4042 1175 4093 Lamb.
1194 4043 1252 4091 first

42 4118 159 4183 expelled
169 4117 240 4169 both.
341 4118 389 4170 476
402 4134 471 4181 quor.
508 4126 553 4168 cor
563 4120 616 4180 AB,
630 4119 715 4169 which
731 4120 755 4170 is
770 4121 815 4170 the
830 4136 901 4171 same
916 4121 1003 4184 thing:
1022 4137 1084 4172 sorr
1096 4124 1151 4184 194,
1166 4138 1193 4172 1v
1204 4126 1251 4174 515

42 4216 203 4263 com=quom
214 4215 243 4249 or
254 4213 321 4249 cum:
339 4214 366 4248 rv
379 4201 426 4250 116
438 4216 523 4249 eorum
534 4201 587 4262 AB,
599 4217 682 4250 corum
692 4201 773 4251 Lech.
785 4203 827 4252 i.e.
840 4219 951 4265 quornm.
988 4210 1033 4253 cor
1045 4206 1170 4254 hominum
1180 4205 1251 4255 Nico.

42 4284 113 4333 Flor.
132 4283 163 4331 31
187 4282 276 4333 (lamb.
298 4285 313 4332 5
337 4283 396 4333 Vat.
420 4283 462 4332 old
481 4284 534 4333 eds.
555 4284 642 4334 before
662 4284 727 4344 Mar.
746 4285 799 4336 and
821 4286 907 4336 Junt.:
931 4285 1016 4335 which
1038 4286 1113 4336 Wak.
1130 4286 1253 4350 absurdly

44 4366 132 4428 keeps.
226 4365 274 4412 482
294 4366 345 4413 Gur
357 4381 386 4414 eo
397 4373 456 4414 sunt
467 4365 537 4415 Nico.
550 4366 591 4414 for
602 4368 679 4416 curba
690 4374 757 4418 sunt.
845 4368 892 4418 492
904 4369 967 4429 quio
978 4367 1049 4416 Nico.
1061 4367 1130 4416 Flor.
1143 4369 1173 4416 31
1186 4368 1253 4418 Mar.
