2842 4860
689 264 719 327 V
1241 277 1301 344 245

182 424 333 492 laudibus
355 433 390 491 et
411 426 492 491 miro
514 433 565 491 est
586 426 731 492 mortalis
752 427 838 492 inter
860 427 986 492 honore.
1103 509 1104 512 Ἴ
1223 430 1305 491 1280

226 531 324 596 Nunc
347 530 410 596 tibi
431 553 495 617 quo
517 539 612 617 pacto
635 531 710 595 ferri
732 539 850 597 natura
869 539 999 617 reperta

182 634 227 700 sit
249 635 374 701 facilest
395 635 459 722 ipsi
480 657 539 721 per
560 642 594 700 te
616 658 814 723 cognoscere,
837 634 980 700 Memmi.

182 762 272 805 arma
293 741 429 826 antiqua
449 763 564 806 manus
587 764 712 828 ungues
734 741 912 826 dentesque
934 741 1066 805 fuerunt

183 851 218 908 et
240 844 362 930 lapides
385 845 521 910 etitem
543 845 697 910 silvarum
719 844 878 932 fragmina
899 844 988 922 rami,

182 956 217 1014 et
235 949 366 1014 flamma
383 957 482 1034 atque
500 948 600 1036 ignes,
618 956 790 1034 postquam
808 956 886 1013 sunt
904 948 1034 1036 cognita
1051 948 1199 1034 primum.
1221 951 1299 1029 1285

182 1052 341 1139 posterius
363 1053 438 1118 ferri
460 1053 508 1118 vis
531 1060 581 1117 est
602 1053 747 1139 aerisque
769 1061 904 1139 reperta

183 1164 217 1221 et
238 1156 325 1242 prior
346 1156 428 1221 aeris
451 1166 521 1221 erat
543 1179 641 1242 quam
663 1157 739 1221 ferri
760 1156 909 1244 cognitus
931 1179 1016 1233 usus,

183 1283 247 1348 quo
269 1260 370 1326 1111111
392 1261 495 1348 magis
518 1269 568 1326 est
589 1269 707 1326 natura
729 1270 763 1326 11
785 1261 877 1348 copia
898 1261 1006 1326 maior.

182 1386 256 1428 aere
277 1365 381 1428 solum
404 1373 509 1455 terrae
531 1365 723 1442 tractabant,
745 1387 883 1451 aereque
905 1364 984 1429 belli

182 1467 361 1533 miscebant
383 1468 501 1533 fluctus
523 1477 558 1533 et
579 1470 714 1534 vulnera
734 1477 827 1534 vasta
847 1469 997 1534 serebant

183 1579 217 1637 et
238 1594 336 1660 pecus
358 1573 457 1657 atque
478 1594 570 1659 agros
592 1571 798 1652 adimebant3
823 1595 899 1637 nam
921 1573 1013 1638 facile
1035 1570 1106 1636 ollis

142 1705 144 1711 ·
180 1676 288 1741 omnia
308 1675 467 1741 cedebant
488 1676 621 1741 armatis
643 1676 732 1741 nuda
753 1685 787 1742 et
808 1677 939 1743 inerma
1208 1667 1210 1670 Α

181 1782 258 1847 inde
279 1781 468 1847 minutatim
489 1783 643 1868 processit
665 1783 784 1848 ferreus
807 1783 892 1848 ensis

181 1909 335 1972 versaque
357 1886 393 1949 in
414 1886 620 1975 obprobrium
641 1887 763 1973 species
785 1894 832 1952 est
854 1887 943 1952 111111
964 1887 1096 1963 ahenae,

182 1997 217 2055 et
239 1991 321 2055 ferro
342 2012 474 2075 coepere
497 1991 601 2055 solum
622 1991 824 2077 proscindere
846 1998 951 2056 terrae
976 2038 979 2045 .

182 2100 424 2178 exaequataque
446 2101 524 2157 sunt
545 2069 866 2179 creperi‘bertamina
886 2092 971 2158 belli

182 2205 217 2262 et
237 2197 327 2284 prius
349 2206 400 2263 est
421 2207 582 2263 armatum
602 2199 638 2263 in
659 2200 735 2285 equi
757 2199 966 2264 conscendere
988 2205 1091 2263 costas

182 2310 216 2367 et
238 2303 432 2368 moderarier
452 2304 539 2369 hunc
561 2305 658 2370 frenis
680 2304 857 2390 dextraque
879 2303 987 2390 vigere

182 2429 280 2493 quam
302 2406 413 2494 biiugo
435 2429 530 2472 curru
552 2408 630 2473 belli
652 2415 812 2495 temptare
834 2408 960 2493 pericla

182 2517 217 2574 et
238 2509 365 2597 biiugos
387 2511 476 2597 prius
498 2518 548 2575 est
571 2534 668 2597 quam
690 2511 740 2576 bie
762 2510 956 2597 coniungere
978 2509 1070 2574 binos

182 2622 216 2680 et
239 2638 336 2702 quam
358 2616 514 2681 falciferos
536 2625 697 2682 armatum
719 2618 888 2682 escendere
911 2639 1028 2681 currus.

181 2718 256 2784 inde
278 2719 376 2784 boves
399 2721 486 2785 lucas
508 2720 625 2785 turrito
647 2743 785 2807 corpore,
808 2727 937 2797 taetrae,

182 2809 406 2910 angriimanus,
427 2824 506 2889 belli
528 2824 706 2889 docuerunt
728 2825 859 2889 volnera
879 2822 980 2889 Poeni

182 2928 314 2993 sufferre
337 2935 371 2992 et
393 2951 527 3016 magnas
549 2928 664 2993 Martis
686 2928 817 2994 turbare
840 2935 990 2993 catervae.

182 3032 228 3097 sic
249 3031 316 3097 alid
337 3055 377 3097 ex
399 3032 462 3097 alio
484 3032 611 3119 peperit
633 3032 791 3097 discordia
812 3031 922 3108 tristis,
1153 3113 1155 3118 Ι

183 3135 334 3200 horribile
356 3135 507 3200 humanis
530 3135 615 3222 quod
637 3135 791 3222 gentibus
813 3142 898 3200 esset
919 3134 955 3198 in
977 3134 1081 3210 armis,

182 3238 281 3326 inque
303 3238 372 3304 dies
394 3239 472 3303 belli
494 3239 669 3304 terroribus
691 3238 817 3304 addidit
839 3261 986 3326 augmen.

226 3344 442 3430 Temptarunt
464 3343 564 3409 etiam
586 3351 695 3409 tauros
717 3343 752 3408 in
775 3365 923 3408 moenere
945 3342 1023 3408 belli

183 3447 372 3534 expertique
393 3470 467 3512 sues
489 3470 599 3512 saevos
620 3455 699 3513 sunt
720 3434 851 3512 mittere
873 3446 908 3510 in
930 3446 1038 3511 hostie.

183 3559 217 3616 et
239 3550 360 3616 validos
382 3550 502 3637 partim
524 3573 600 3638 prae
622 3573 657 3615 se
679 3549 795 3615 misere
817 3550 925 3614 leones
1222 3563 1305 3629 1310

96 3781 180 3834 added
190 3781 224 3846 by
234 3780 303 3831 Brix.
316 3780 392 3830 Pont.
403 3780 469 3830 Mar.
558 3780 621 3830 1285
632 3781 737 3843 flammo
748 3786 823 3841 utque
833 3777 856 3827 B
867 3790 932 3827 corr.
943 3775 1013 3826 Flor.
1022 3776 1054 3824 31
1066 3772 1157 3825 (lamb.
1169 3774 1185 3822 4
1196 3773 1255 3824 Vat.
1264 3773 1305 3823 for

88 3866 251 3929 flamrmtque
267 3865 344 3924 ieme.
379 3864 497 3926 flammae
509 3870 584 3925 atque
595 3862 660 3911 Mar.
672 3861 783 3923 Nauger.
795 3858 886 3909 Lamb.
899 3860 947 3908 eto.
1058 3856 1122 3906 1294
1139 3857 1302 3918 obprobrium.

94 3948 222 3998 obscenum
234 3945 270 3996 all
281 3945 325 3995 the
335 3959 398 3995 mss.
411 3945 440 3995 01
449 3945 559 3995 Μ10101).
572 3947 621 3995 111.
631 3959 657 3994 vi
671 3944 684 3992 1
696 3944 737 4002 03,
749 3940 859 3992 collated
870 3940 904 4003 by
915 3940 1006 3989 Ianus:
1024 3953 1040 3988 1
1052 3936 1154 3987 curicus
1165 3933 1303 3986 variation.

95 4027 175 4077 Lech.
187 4027 246 4076 who
261 4025 393 4088 depended
408 4040 442 4075 on
458 4040 492 4075 an
504 4024 547 4075 old
559 4024 657 4075 edition
669 4024 698 4074 01
711 4021 867 4079 Macrobius,
879 4020 902 4071 ie
914 4019 1044 4070 mistaken
1055 4017 1083 4067 in
1095 4016 1235 4080 supposing
1247 4014 1305 4065 that

96 4111 225 4161 obscenum
240 4107 263 4157 is
280 4111 327 4157 not
344 4107 389 4157 the
405 4121 454 4157 ms.
472 4106 585 4170 reading.
686 4105 750 4158 1297
766 4111 898 4154 annaeum.
930 4107 1070 4164 reppertum
1085 4098 1177 4148 Lamb.
1193 4095 1306 4148 etaand

97 4194 300 4244 13011116111111
315 4192 381 4242 Mar.
395 4191 468 4241 Junt.
480 4189 572 4240 Lamb.
584 4192 632 4240 etc.
645 4182 685 4239 fo'r
700 4196 836 4239 ammaum:
854 4184 919 4236 both
929 4183 1045 4235 needlees
1055 4181 1174 4244 changes.

131 4275 195 4324 1300
212 4275 309 4336 biiupoe
325 4273 409 4324 Faber
424 4273 465 4324 for
482 4275 580 4336 11111901
601 4274 686 4335 011190
701 4269 791 4322 makes
807 4267 852 4319 the
868 4263 1047 4319 mammem
1063 4261 1202 4324 extremely
1213 4258 1303 4322 harah,

97 4357 160 4421 and,
173 4370 203 4408 ae
214 4355 296 4408 Faber
308 4370 375 4420 says,
389 4354 438 4407 hae
448 4369 521 4406 come
531 4353 599 4405 from
611 4352 683 4406 laea
781 4348 846 4401 1101
856 4352 952 4399 m
962 4344 1062 4413 (111111)
1072 4341 1153 4395 Lech·
1164 4342 1205 4392 for
1216 4347 1306 4392 tetros:

96 4438 203 4508 rightly,
216 4439 342 4493 1661339.
465 4437 530 4490 1110
542 4436 647 4505 mrem.
679 4432 774 4487 rursu
783 4426 987 4513 (imbuat-e
1005 4419 1307 4489 amnsmopedby
