2842 4860
264 381 331 445 ulla
352 379 428 443 foris
450 385 549 463 atquc
571 377 651 463 ipsa,
674 377 741 442 suis
764 401 780 442 e
804 378 951 462 partibus
972 402 1047 456 una,

264 505 366 547 unum
389 481 424 544 in
446 503 545 565 quem
567 501 701 565 coepere
724 480 831 544 locum
852 481 968 546 conixa
989 483 1148 559 feruntur,

264 586 385 650 debent
407 583 564 647 nimirum
587 583 782 668 praecellere
804 584 989 649 mobilitate

264 699 298 755 et
320 689 424 752 multo
447 688 543 752 citius
566 689 641 752 ferri
664 711 762 773 quam
784 688 910 752 lumina
932 688 1008 753 solis

264 794 500 878 multiplexque
522 792 585 856 loci
606 792 749 877 spatium
771 800 988 858 transcurrere
1010 794 1124 858 eodem

264 907 410 983 tempore
432 919 496 982 quo
519 895 593 960 solis
616 896 807 981 pervolgant
829 897 958 981 fulgura
980 897 1113 962 caelum.

743 1027 762 1062 ἢ

198 1165 201 1168 .
267 1105 339 1190 [nec
361 1103 536 1189 persectari
559 1103 736 1189 primordia
758 1103 888 1190 singula
909 1125 1058 1189 quaeque

177 1210 180 1215 ’
265 1217 302 1272 111
323 1207 455 1272 uideant
478 1228 542 1291 qua
564 1206 702 1291 quicque
724 1215 856 1292 geratur
878 1228 953 1270 cum
976 1207 1108 1271 ratione.

309 1311 356 1374 At
378 1310 512 1395 quidam
535 1318 646 1374 contra
669 1310 759 1389 haec,
783 1310 888 1395 ignari
911 1311 1068 1388 materiai,

265 1427 416 1481 naturam
438 1436 503 1478 non
525 1436 616 1498 posse
639 1414 738 1478 deum
761 1414 830 1479 sine
852 1414 988 1478 numine
1010 1414 1146 1478 credunt

266 1528 357 1583 tanto
380 1541 474 1604 opere
497 1519 649 1582 humanis
671 1518 850 1583 rationibus
873 1519 1082 1583 admoderate

266 1631 412 1706 tempora
433 1630 561 1686 mutare
583 1643 742 1685 annorum
764 1622 936 1706 frugesque
958 1644 1073 1697 creare,

265 1735 299 1791 et
321 1727 388 1790 iam
410 1735 533 1805 cetera,
547 1726 693 1790 mortalis
715 1747 799 1811 quae
821 1725 938 1790 suadet
960 1725 1051 1790 adire

264 1830 399 1914 ipsaque
422 1828 554 1894 deducit
577 1829 644 1893 dux
666 1831 753 1894 vitae
776 1830 831 1894 dia
852 1830 1002 1915 voluptas

265 1944 299 1999 et
321 1957 451 2025 resper
473 1935 610 1998 Veneris
632 1933 800 1999 blanditur
822 1935 927 1998 saecla
948 1942 1137 2019 propagent,

265 2062 305 2103 ne
327 2061 431 2126 genus
453 2039 577 2102 occidat
599 2038 789 2102 humanum.
834 2060 972 2123 quorum
995 2037 1105 2101 omnia
1127 2059 1224 2100 causa

264 2143 470 2207 constituisse
493 2143 569 2206 deos
591 2165 665 2206 cum
688 2143 826 2228 fingunt,
849 2142 992 2207 omnibu'
1015 2142 1111 2206 rebus

265 2267 381 2330 magno
403 2267 497 2330 opere
520 2268 540 2308 a
562 2267 638 2308 vera
660 2246 743 2328 lapsi
764 2245 890 2309 ratione
914 2245 1076 2309 videntur.

265 2371 340 2412 nam
364 2347 511 2433 quamvis
533 2370 640 2411 rerum
664 2348 810 2432 ignorem
832 2347 1008 2433 primordia
1029 2368 1113 2431 quae
1135 2345 1211 2436 sint,

266 2454 326 2518 hoc
348 2466 459 2517 tamen
483 2475 522 2516 ex
545 2452 625 2537 ipsis
648 2452 729 2516 caeli
752 2452 932 2518 rationibus
955 2450 1061 2516 ausim

266 2556 454 2620 confirmare
476 2555 612 2640 aliisque
635 2578 675 2619 ex
697 2557 794 2620 rebus
816 2556 950 2620 reddere
973 2555 1096 2631 multis

266 2682 470 2745 nequaquam
492 2660 584 2724 nobis
606 2660 763 2724 divinitus
785 2682 855 2724 esse
877 2667 1019 2725 creatam

267 2772 417 2827 naturam
439 2763 568 2828 mundi:
592 2773 684 2830 16616
705 2773 769 2829 stat
790 2764 939 2850 praedita
960 2764 1064 2848 culpa

267 2889 349 2952 quae
371 2867 434 2931 tibi
455 2867 623 2952 posterius
647 2868 790 2945 Memmi,
813 2868 968 2932 faciemus
991 2876 1111 2953 aperta

182 3100 523 3152 Pont.Mar.Ald1Junt.
543 3101 583 3149 161
600 3104 742 3152 6611616611.
853 3103 1049 3165 1591616666
1067 3104 1212 3164 apartibus
1228 3117 1289 3160 aaa,
1310 3103 1391 3152 Unum

181 3184 232 3234 Ed.
250 3185 290 3233 for
306 3186 363 3245 ipsa
380 3184 434 3231 suia
452 3198 465 3232 6
479 3184 598 3245 partibas
615 3198 692 3231 anum
714 3184 809 3232 Unumr
827 3183 872 3233 the
882 3187 998 3234 contrast
1012 3184 1075 3233 with
1092 3185 1222 3235 153-156
1239 3183 1321 3234 6116116
1338 3184 1392 3234 this

183 3272 211 3316 1ο
228 3267 259 3317 be
276 3280 424 3328 necessary:
442 3279 527 3327 comp.
540 3266 676 3317 61661599
689 3269 749 3316 etc:
767 3266 813 3317 the
829 3267 968 3329 repetition
985 3267 1014 3317 61
1028 3283 1104 3316 anum
1121 3282 1198 3316 unam
1212 3265 1263 3316 has
1278 3265 1341 3316 here
1357 3281 1391 3314 no

183 3350 252 3398 force
268 3348 406 3398 whatever.
515 3348 678 3397 1606611166.
722 3364 816 3398 6611666
832 3363 896 3398 mss.
938 3351 1048 3399 66611166
1064 3348 1124 3398 Ver.
1141 3349 1206 3398 Ven.
1222 3347 1392 3409 followedby

183 3430 292 3491 Nauger.
307 3428 360 3478 and
371 3428 460 3489 vulgo:
479 3427 500 3477 it
512 3427 606 3477 should
616 3428 648 3477 be
659 3431 758 3478 conica.

232 3511 360 3559 165-183
376 3509 456 3558 Lach.
473 3508 522 3557 has
538 3513 607 3558 most
623 3509 704 3572 justly
720 3509 829 3559 marked
846 3510 882 3558 off
898 3510 966 3559 from
982 3510 1028 3560 the
1044 3513 1157 3573 context,
1172 3526 1201 3561 as
1216 3510 1392 3574 interrupting

184 3592 229 3641 the
246 3593 392 3653 argument,
412 3590 511 3652 though
528 3590 706 3653 indisputably
722 3592 825 3641 written
847 3590 880 3653 by
897 3592 1045 3641 Lucretius:
1075 3607 1145 3641 some
1164 3607 1249 3641 verses
1266 3596 1311 3643 too
1327 3594 1393 3644 have

182 3673 278 3735 clearly
299 3673 363 3722 been
381 3673 434 3721 lost
455 3671 542 3721 before
565 3674 627 3723 165:
656 3688 685 3722 cs
706 3673 842 3723 Pantanus
861 3672 910 3722 has
931 3688 1000 3732 seen,
1017 3674 1075 3724 who
1092 3688 1152 3737 says
1170 3675 1391 3738 ‘fragmentum’2

184 3755 310 3804 Marullus
331 3753 449 3816 supplied
472 3754 518 3804 the
541 3755 701 3817 unmeaning
725 3758 793 3805 Nam
814 3771 893 3818 66666
918 3759 1024 3806 cornilio
1048 3759 1136 3806 6165661
1160 3758 1265 3806 tardata
1288 3762 1392 3819 1661611,

184 3839 268 3890 which
284 3839 388 3888 became
400 3834 445 3885 the
456 3836 564 3897 vulgate.
600 3836 677 3886 Bern.
692 3839 753 3899 puts
766 3837 813 3887 167
824 3836 910 3886 before
922 3837 978 3895 165,
990 3836 1042 3887 and
1055 3837 1083 3886 in
1096 3839 1143 3888 166
1154 3837 1230 3888 reads
1243 3844 1389 3902 persectari,

184 3922 236 3973 and
248 3935 372 3984 supposes
383 3934 418 3968 no
429 3919 531 3970 lacuna.
633 3920 681 3969 166
702 3921 735 3969 Ut
745 3922 849 3969 61616661
861 3920 930 3970 Nice.
946 3921 985 3969 161
1000 3923 1033 3970 Ut
1044 3924 1127 3971 deant.
1228 3922 1275 3971 168
1291 3926 1392 3986 nemim

86 4065 89 4072 ⁴
184 4006 289 4055 credunt
300 4002 350 4052 Ed.
363 4003 403 4050 161
413 4004 514 4050 numine
525 4003 605 4063 reddi,
621 4002 674 4051 and
684 4002 760 4052 Pont.
773 4003 787 4051 I
798 4016 856 4050 now
867 4003 934 4051 find:
952 4002 996 4052 the
1013 4019 1026 4053 6
1043 4004 1072 4052 61
1086 4005 1187 4052 narniae
1202 4002 1252 4053 has
1268 4003 1395 4063 absorbed

185 4087 230 4136 the
241 4101 261 4147 c,
277 4085 329 4135 and
339 4086 428 4134 166661
440 4085 469 4132 in
479 4099 543 4133 mss.
558 4084 638 4133 much
654 4085 791 4134 resembles
801 4086 882 4134 reddi.
916 4093 1003 4134 rentur
1014 4085 1079 4134 Mar.
1092 4085 1165 4135 Junt.
1180 4086 1256 4148 vulgo
1277 4089 1394 4149 ‘prorsus

184 4167 294 4230 egregie'
313 4164 465 4234 says-Lach.
501 4166 575 4215 Wak.
588 4165 710 4229 absurdly
718 4165 827 4215 defends
838 4168 918 4218 reddi.
1022 4168 1068 4218 169
1085 4167 1135 4217 has
1151 4167 1215 4216 been
1232 4167 1312 4216 much
1327 4172 1394 4219 tam-

185 4250 262 4312 pered
277 4247 340 4297 with
357 4247 384 4296 in
401 4246 446 4296 the
462 4248 530 4309 vulg.
548 4247 600 4298 eds.
620 4246 730 4298 without
751 4263 804 4310 any
819 4262 920 4298 reason.
1039 4249 1086 4297 181
1108 4256 1182 4298 tanta
1201 4256 1255 4297 atat
1272 4253 1396 4311 praedita

184 4328 705 4391 116611,66161116166611116111199,161
722 4329 998 4392 cvm-⁶⁴·cnprecirc.
1049 4346 1112 4393 qaae
1131 4338 1204 4380 tanta
1221 4339 1258 4380 est
1271 4335 1395 4394 praediea
