2842 4860
738 204 756 268 I

229 392 293 456 quo
317 368 416 433 fuerit
442 367 576 434 missum
601 366 704 431 mavis
728 367 888 452 longeque
912 367 1029 443 volare,

229 497 272 539 an
294 472 465 560 prohibere
488 471 612 556 aliquid
637 493 749 536 censes
774 471 965 556 obstareque
990 474 1105 556 posse?

230 579 425 644 alterutrum
450 576 582 641 fatearis
606 575 695 640 enirn
719 574 891 659 sumasque
916 584 1084 639 necessest.

231 702 370 765 quorum
393 687 571 762 utrumque
594 677 658 742 tibi
684 676 842 761 effugium
864 674 1044 760 praecludit
1068 685 1102 740 et
1125 699 1220 741 omne
1288 690 1349 759 975

229 783 317 870 cogit
341 792 380 848 ut
403 790 555 867 exempta
577 781 733 846 concedas
757 781 822 845 fine
845 789 965 866 patere.

230 908 307 950 nam
331 885 399 950 sive
423 893 473 949 est
496 884 614 969 aliquit
637 883 724 969 quod
748 884 882 968 probeat
905 883 1088 967 efficiatque

230 987 486 1073 quominu’quo
510 987 645 1052 missum
669 996 718 1051 est
739 987 850 1051 veniat
873 986 995 1072 finique
1019 987 1103 1051 locet
1128 1009 1171 1063 se,

230 1092 298 1156 sive
323 1092 407 1157 foras
430 1093 541 1168 fertur,
567 1114 633 1155 non
659 1099 709 1155 est
731 1114 752 1155 a
774 1090 839 1155 fine
861 1091 1050 1176 profectum.

230 1194 291 1258 hoc
314 1201 408 1279 pacto
431 1215 547 1278 sequar
567 1201 675 1278 atque,
702 1215 773 1257 oras
796 1193 994 1278 ubicumque
1018 1193 1132 1257 locaris
1288 1198 1355 1277 980

231 1306 403 1375 extremas,
426 1319 581 1382 quaeram
603 1296 683 1382 quid
706 1297 773 1362 telo
796 1298 936 1384 denique
962 1297 1029 1364 fiat.

232 1401 288 1465 fiet
318 1400 367 1464 uti
391 1422 554 1484 nusquam
577 1401 681 1486 possit
703 1401 876 1466 consistere
902 1401 976 1466 finis

232 1505 452 1591 effugiumque
471 1490 571 1590 'fugae
597 1505 736 1591 prolatet
760 1505 852 1591 copia
879 1528 1015 1591 semper.

145 1613 210 1694 998
233 1619 396 1695 postremo
421 1620 499 1683 ante
522 1612 630 1676 oculos
652 1633 703 1675 res
727 1633 795 1674 rem
821 1609 914 1676 finire
937 1610 1084 1689 videtur;

232 1736 288 1778 aer
312 1713 466 1799 dissaepit
493 1714 583 1779 collis
608 1722 708 1799 atque
732 1737 807 1778 aera
831 1723 967 1790 montes,
1291 1719 1353 1797 985

232 1825 319 1881 terra
345 1838 434 1881 mare
460 1824 494 1882 91
517 1826 630 1882 contra
656 1839 743 1881 mare
770 1825 872 1882 terras
898 1817 1053 1881 terminat
1076 1817 1200 1896 omnis;

232 1942 327 1985 omne
349 1919 483 2005 quidem
506 1943 583 1985 vero
607 1921 655 1984 nil
679 1928 728 1985 est
752 1920 839 2006 quod
863 1920 957 1985 finiat
980 1930 1079 1985 extra.

146 2027 211 2106 984
276 2024 448 2089 Praeterea
470 2025 614 2110 spatium
638 2023 778 2088 summai
804 2023 905 2088 totius
928 2045 1023 2088 omne

232 2129 377 2213 undique
401 2129 430 2194 si
455 2129 617 2193 inclusum
640 2127 737 2193 certis
760 2128 950 2219 consisteret
972 2127 1036 2192 oris

233 2231 428 2317 finitumque
451 2231 542 2309 foret,
565 2231 633 2295 iam
656 2230 749 2315 copia
772 2230 921 2294 materiai
1289 2249 1356 2313 999

233 2335 378 2420 undique
405 2334 600 2419 ponderibus
624 2334 734 2398 solidis
757 2334 919 2399 confluxet
944 2334 985 2417 ad
1010 2334 1113 2397 imum

233 2460 292 2502 nec
316 2461 367 2503 res
395 2439 461 2504 11119
483 2438 553 2523 geri
580 2438 641 2503 sub
664 2438 745 2503 caeli
771 2439 914 2524 tegmine
940 2447 1048 2524 posset

233 2566 292 2608 nec
315 2544 398 2608 foret
422 2542 553 2607 omnino
575 2543 701 2607 caelum
725 2565 831 2628 neque
857 2542 982 2607 lumina
1005 2542 1087 2619 solis,

147 2666 213 2730 990
235 2647 355 2733 quippe
379 2647 437 2712 ubi
461 2646 613 2711 materies
637 2647 743 2712 omnis
766 2647 932 2711 cumulata
954 2647 1072 2711 iaceret

234 2773 275 2815 ex
299 2751 427 2816 infinito
451 2750 517 2815 iam
541 2759 688 2835 tempore
711 2749 912 2815 subsidendo.

235 2863 270 2919 at
294 2876 380 2918 nunc
406 2854 563 2918 nimirum
589 2853 716 2938 requies
741 2854 819 2918 data
840 2853 1070 2938 principiorum

235 2957 420 3042 corporibus
443 2957 575 3034 nullast,
598 2957 676 3043 quia
701 2956 749 3020 nil
775 2965 826 3022 est
850 2956 998 3021 funditus
1021 2957 1124 3021 imum

236 3085 299 3148 quo
325 3062 417 3147 quasi
442 3062 602 3127 confluere
629 3069 663 3126 et
687 3061 778 3126 sedes
803 3060 861 3125 ubi
884 3083 1002 3146 ponere
1027 3061 1158 3146 possint.

148 3180 210 3248 995
236 3187 363 3250 semper
384 3166 419 3229 in
441 3165 574 3230 adsiduo
597 3175 688 3230 motu
711 3186 761 3229 res
783 3186 930 3249 quaeque
952 3172 1111 3249 geruntur

235 3268 381 3353 partibus
406 3291 423 3334 9
448 3269 573 3334 91199119
595 3270 785 3355 infernaque
810 3269 1061 3353 suppeditantur
1274 3287 1359 3336 1000

149 3423 178 3472 in
190 3423 291 3485 margin
302 3424 405 3486 explain
416 3427 540 3475 invalidis
555 3440 584 3475 99
596 3427 670 3474 ualde
682 3427 787 3474 ualidis.
916 3426 964 3478 977
976 3428 1070 3487 officiat
1080 3425 1172 3475 Lamb.
1190 3424 1288 3488 rightly
1304 3427 1359 3477 and

151 3505 236 3554 before
258 3505 315 3554 him
338 3505 471 3568 Gryphius
495 3506 524 3555 91
545 3507 632 3569 Lyons
657 3506 795 3557 1534991
816 3507 880 3557 1540
902 3507 943 3555 191
963 3510 1063 3569 efficiat,
1083 3508 1150 3558 91191
1171 3507 1216 3558 1119
1235 3512 1358 3559 constant

150 3601 229 3649 usage
247 3587 377 3638 91191919
398 3602 427 3637 99
448 3587 514 3652 Livy
533 3603 559 3638 rv
579 3591 643 3639 315
663 3589 767 3652 Madvig
785 3589 852 3638 91191
871 3588 953 3638 Faber
969 3589 1044 3639 reads
1065 3592 1148 3653 offecit
1172 3591 1242 3655 (mss.
1265 3593 1358 3657 effecit)

150 3671 288 3732 quominus.
330 3669 409 3720 Lach.
422 3670 499 3733 keeps
510 3673 609 3734 efficiat.
651 3672 715 3736 [But
728 3673 769 3722 191
780 3673 871 3734 efficiat
882 3686 923 3722 see
937 3672 978 3721 lex
988 3674 1036 3722 col.
1049 3673 1190 3724 Genetivae
1206 3689 1228 3724 11
1242 3676 1259 3724 4
1271 3678 1285 3727 7
1297 3691 1358 3725 11999

151 3749 730 3815 9919199119,999919999999990999199.]
828 3752 876 3803 981
882 3754 934 3817 fiat
946 3753 1016 3803 Nico.
1028 3754 1069 3804 191
1069 3757 1127 3819 fiet.
1225 3756 1358 3808 981-987

151 3831 318 3896 (aes-1001)
329 3831 343 3879 I
360 3830 426 3881 have
438 3832 573 3883 elsewhere
583 3833 678 3895 proved
689 3833 783 3882 should
794 3848 866 3883 991119
877 3832 906 3882 111
917 3833 971 3883 11119
981 3835 1061 3896 place.
1170 3839 1219 3888 989
1233 3839 1359 3887 inclusum

151 3913 221 3966 Nice.
239 3915 279 3964 191
290 3918 410 3968 inclusas.
520 3919 567 3968 991
579 3920 703 3980 confluxet
713 3918 783 3967 Flor.
795 3918 826 3966 31
837 3917 895 3966 first
905 3918 946 3967 191
956 3921 1086 3981 confluxit.
1198 3923 1245 3973 997
1262 3923 1359 3972 anthat

152 3997 266 4048 Politian
277 3997 305 4046 in
316 4013 397 4060 marg.
409 3999 478 4048 Flor.
492 4001 523 4051 29
534 3999 593 4050 Ver.
605 4001 670 4050 Van.
682 3999 774 4050 Heins.
786 4000 815 4048 in
825 4014 873 4049 ms.
885 4003 960 4049 notes
971 4001 1011 4049 191
1022 4003 1115 4052 nullas.

185 4081 234 4131 998
245 4081 344 4142 possint
361 4078 417 4131 Ald.
432 4080 531 4132 lJunt.
547 4082 587 4131 191
602 4085 688 4145 possit.
788 4081 879 4131 10009
898 4081 1017 4144 supplied
1031 4081 1066 4144 by
1081 4082 1152 4131 Mon.
1165 4082 1218 4132 and
1236 4083 1317 4133 Laoh.
1335 4085 1359 4134 is

152 4161 235 4210 better
245 4160 311 4210 than
326 4164 355 4210 io
370 4162 398 4211 91
412 4162 480 4211 Μ91.
491 4162 545 4212 and
561 4163 633 4212 older
649 4163 754 4213 editors.
852 4163 955 4224 inferna
972 4161 996 4211 ia
1014 4162 1086 4224 quite
1102 4163 1188 4226 right:
1206 4165 1355 4217 9990911111.

153 4243 169 4291 J
170 4257 244 4292 ourn.
256 4243 283 4291 91
294 4242 359 4305 phil.
371 4258 381 4292 1
392 4258 418 4304 p.
432 4246 471 4293 33.
505 4243 584 4294 Lech.
595 4245 710 4307 Wrongly
720 4243 820 4295 follows
830 4243 897 4295 Mar.
904 4242 963 4295 Ald.
973 4245 987 4294 1
999 4244 1074 4295 Junt.
1083 4245 1176 4295 Iramb.
1186 4249 1234 4296 919.
1247 4246 1275 4296 111
1286 4248 1358 4298 read-

154 4323 198 4386 ing
214 4332 363 4387 9919199999
379 4325 431 4374 and
447 4325 512 4375 adds
530 4325 583 4375 ‘rei
597 4325 739 4377 convenies
1004 4339 1008 4360 ¹
1023 4325 1142 4377 videatur
1158 4327 1314 4378 Wakefieldo
1333 4335 1360 4381 91
