2842 4860
739 253 788 318 IV

242 415 375 480 flumine
398 424 432 480 et
454 414 489 480 in
511 416 639 502 rapidas
661 417 766 480 amnis
788 416 993 502 despeximus
1015 416 1126 493 undas,

242 518 358 583 stantis
380 519 457 604 equi
478 541 592 604 eorpus
614 527 833 583 transversum
855 519 937 583 fene
960 519 1091 583 videtur

242 621 290 685 vis
312 630 347 686 et
368 620 403 685 in
425 622 596 686 adversum
618 622 741 686 flumen
763 622 953 686 contrudere
976 621 1105 707 raptim,

242 734 276 790 et
299 749 501 812 quocumque
523 726 631 791 oculos
652 725 838 791 traiecimus
861 725 969 790 omnia
990 725 1066 790 ferri

242 837 276 894 el
298 822 398 895 fluere
420 830 562 895 adsimili
583 830 676 895 nobis
697 829 822 894 ratione
845 830 1004 895 videntur.

242 933 384 1018 porticus
406 932 534 1019 aequali
556 932 703 1018 quamvis
725 942 775 997 est
797 933 936 1018 denique
959 933 1060 997 ductu

216 1055 218 1060 ·
242 1045 394 1122 stansque
417 1036 452 1099 in
474 1045 670 1122 perpetuum
692 1035 825 1122 paribus
846 1036 981 1100 suffulta
1003 1033 1169 1111 columnis

243 1138 339 1226 longa
360 1148 471 1205 tamen
493 1149 585 1226 perte
608 1140 650 1204 eb
672 1162 799 1203 summo
821 1162 895 1204 cum
917 1148 988 1204 tota
1009 1139 1147 1216 videtur,

242 1241 401 1328 paulatim
424 1242 525 1306 trahit
547 1241 680 1329 angusti
701 1241 832 1328 fastigia
853 1240 933 1319 coni,

242 1355 331 1410 tecta
352 1347 418 1410 solo
440 1345 578 1432 iungens
599 1355 699 1432 arque
722 1345 830 1409 omnia
852 1346 986 1410 dextera
1008 1344 1107 1410 laevis

243 1450 344 1514 donee
365 1449 401 1513 in
422 1449 593 1513 obscurum
615 1448 688 1513 coni
709 1448 864 1513 conduxit
886 1471 1029 1513 acumen

222 1603 225 1608 .
243 1554 278 1617 in
300 1554 414 1640 pelago
437 1553 546 1617 nautis
568 1576 608 1618 ex
630 1553 726 1616 undis
748 1561 837 1616 ortus
859 1551 894 1615 in
915 1552 1012 1616 undis

243 1654 289 1720 sol
311 1655 350 1719 fit
372 1655 422 1719 uti
445 1654 595 1719 videatur
616 1654 703 1719 obire
726 1662 761 1719 et
783 1655 918 1719 condere
941 1655 1070 1732 lumen3

243 1759 364 1845 quippe
386 1758 444 1822 ubi
465 1758 512 1821 nil
534 1758 625 1822 aliud
646 1758 708 1822 nisi
730 1780 848 1843 aquam
872 1758 1061 1842 caelumque
1085 1765 1238 1835 tuentum

243 1886 284 1927 ne
306 1862 422 1927 leviter
443 1862 553 1926 eredas
576 1861 762 1926 labefactari
783 1861 926 1947 undique
949 1877 1068 1926 sensus

243 1973 279 2029 at
300 1965 397 2029 maris
418 1965 539 2052 ignaris
561 1965 713 2050 inportu
736 1965 851 2029 clauda
873 1964 1026 2030 videntur

243 2068 373 2155 navigia
394 2068 547 2153 aplustris
569 2067 678 2132 fractis
700 2067 841 2132 obnitier
861 2068 976 2134 undae.

243 2197 319 2239 nam
342 2196 563 2260 quaecumque
586 2195 683 2258 supra
704 2195 808 2236 rorem
831 2171 906 2236 salis
927 2172 1017 2236 edita
1038 2192 1112 2257 pars
1133 2181 1184 2237 esi

243 2301 414 2355 remorum,
435 2287 524 2343 recte
546 2286 604 2355 est,
626 2287 661 2342 et
682 2286 772 2342 reeta
793 2300 930 2362 superne
952 2259 1132 2364 gubernat*

244 2406 326 2470 quae
350 2383 496 2447 demersa
517 2381 674 2467 liquorem
697 2381 827 2459 obeunt,
849 2382 985 2446 refracta
1007 2381 1159 2445 videntur

156 2492 159 2497 '
245 2485 353 2550 omnia
375 2484 519 2549 converti
541 2507 731 2569 sursumque
754 2482 870 2570 supina
891 2483 1010 2548 reverti

244 2599 278 2656 et
300 2591 419 2656 reflexa
440 2611 539 2675 prope
561 2589 596 2652 in
618 2611 743 2653 summo
765 2588 893 2652 fluitare
916 2588 1045 2674 liquore.

244 2716 378 2779 ruraque
400 2716 459 2778 per
480 2694 605 2757 caelum
628 2715 702 2756 eum
725 2691 816 2756 venti
838 2691 951 2755 nubila
973 2699 1104 2777 portani

233 2807 389 2883 tempore
411 2805 577 2874 nocturno,
599 2804 671 2860 tum
694 2796 863 2882 splendide
884 2795 977 2882 signa
999 2795 1151 2860 videntur

244 2900 346 2965 labier
367 2900 537 2964 adversum
559 2898 685 2964 nimbos
707 2907 806 2984 atque
828 2898 874 2964 ire
897 2921 1034 2983 superne

245 3003 339 3090 longe
361 3003 458 3066 aliam
480 3002 515 3066 in
537 3010 664 3088 partem
686 3025 724 3066 ac
745 3024 826 3066 vera
848 3001 971 3066 ratione
994 3003 1149 3066 feruntur.

244 3116 280 3172 at
302 3107 330 3172 si
351 3110 433 3172 forte
455 3105 547 3170 oculo
569 3127 684 3170 manus
706 3105 764 3170 uni
786 3105 917 3169 subdita
939 3113 1052 3190 supter

245 3212 362 3298 pressit
382 3234 467 3289 eum,
490 3212 629 3297 quodem
651 3233 747 3275 sensu
769 3210 808 3274 fit
830 3209 881 3274 ubi
903 3209 1076 3274 videantur

246 3315 354 3381 omniu
375 3337 458 3401 quae
481 3315 606 3378 tuimur
627 3313 698 3379 fieri
719 3322 792 3378 lum
813 3313 892 3378 bine
913 3313 1044 3390 tuendo,

243 3420 321 3483 bina
342 3419 545 3483 lucernarum
566 3418 715 3483 florentie
736 3418 861 3482 lumina
881 3418 1021 3482 flammis

243 3523 384 3609 binaque
407 3530 572 3608 periotes
594 3521 683 3587 aedis
704 3521 869 3608 geminare
892 3520 1036 3606 supellex

245 3635 280 3692 eb
301 3626 439 3712 duplicis
460 3625 628 3689 hominum
651 3625 748 3690 facies
769 3634 804 3690 eb
826 3647 957 3711 corpora
977 3625 1061 3689 bine

157 3822 181 3873 is
191 3837 263 3873 some
274 3837 381 3872 reason:
399 3825 427 3872 to
437 3837 480 3871 me
491 3821 584 3872 indeed
594 3821 616 3871 it
627 3821 650 3871 is
662 3837 677 3871 a
689 3820 834 3872 conclusive
845 3837 903 3872 one.
936 3822 1029 3872 Lamb.
1038 3821 1114 3872 reads
1124 3823 1210 3872 videre
1221 3829 1246 3872 et
1260 3825 1371 3887 Govpora

158 3906 275 3955 mirando
291 3920 312 3953 r.
331 3911 348 3954 t.
368 3920 393 3953 a.
409 3920 431 3953 c.
448 3903 496 3952 but
510 3903 539 3952 in
550 3903 590 3953 ed.
603 3906 618 3953 3
629 3903 662 3952 he
673 3903 782 3952 obelises
793 3911 817 3952 et
829 3903 881 3953 and
893 3903 937 3953 the
948 3902 1081 3966 following
1092 3918 1172 3952 verse.
1321 3905 1370 3954 421

158 3988 313 4050 despeximus
325 3985 394 4035 Flor.
407 3987 438 4035 31
450 3985 540 4037 (lumb.
555 3985 612 4037 Ver.
627 3985 690 4037 Ven.
706 3987 771 4035 Mar.
781 3986 820 4035 lor
832 3989 993 4050 disponimus.
1099 3987 1148 4036 436
1160 3978 1194 4036 Al
1205 3989 1284 4036 marin
1296 3987 1367 4038 Nico.

158 4069 190 4118 B.
208 4082 273 4117 corr.
291 4067 331 4117 for
347 4069 458 4118 Ascuris.
588 4069 637 4119 437
650 4070 745 4131 fractis
757 4068 827 4117 Flor.
839 4070 870 4116 31
883 4068 949 4117 Mur.
961 4069 1002 4117 for
1008 4070 1106 4131 sactae.
1138 4069 1224 4117 undae
1235 4067 1316 4118 Lech.
1328 4068 1370 4117 for

157 4151 248 4202 undae.
281 4150 357 4198 undio
368 4149 436 4211 vulg.
537 4149 586 4198 440
595 4150 715 4212 liquorem
723 4148 802 4198 Inch.
813 4150 852 4198 for
862 4151 966 4213 liquore.
1091 4149 1257 4198 446ccvera
1267 4153 1367 4200 ratione

158 4233 193 4281 Is.
211 4232 285 4281 Voss.
303 4229 332 4279 in
348 4244 396 4280 ms
416 4231 492 4279 notes
510 4229 550 4278 for
566 4245 630 4292 aque
647 4232 762 4281 ratione:
781 4229 824 4279 the
841 4229 922 4280 scribe
938 4231 1016 4280 wrote
1031 4245 1062 4280 ra
1072 4231 1135 4293 only
1147 4244 1226 4280 once:
1245 4231 1368 4293 ‘quidum

157 4313 270 4364 codices'
288 4327 348 4376 says
360 4311 470 4362 Greeeh:
489 4311 549 4361 that
561 4311 584 4361 is
593 4311 627 4361 he
638 4311 692 4363 hed
703 4312 784 4362 heard
795 4312 933 4375 indirectly
944 4313 972 4361 of
981 4311 1097 4362 Vossius'
1109 4312 1259 4364 correction

190 4396 239 4442 448
245 4396 279 4458 fit
291 4395 331 4443 uti
343 4392 408 4442 Mar.
421 4393 495 4443 Junt.
508 4394 588 4456 forfit
598 4400 635 4441 ut.
777 4393 825 4441 456
842 4395 958 4442 videmur
970 4393 1035 4442 Mar.
1048 4393 1106 4442 Ald.
1120 4393 1217 4442 1Jnnt.
1230 4394 1272 4444 for
1282 4397 1370 4445 videa·
