<?xml version="1.0" encoding="UTF-8"?>
<!DOCTYPE html PUBLIC "-//W3C//DTD XHTML 1.0 Transitional//EN"
    "http://www.w3.org/TR/xhtml1/DTD/xhtml1-transitional.dtd">
<html xmlns="http://www.w3.org/1999/xhtml" xml:lang="en" lang="en">
 <head>
  <title>
</title>
<meta http-equiv="Content-Type" content="text/html;charset=utf-8" />
  <meta name='ocr-system' content='tesseract 3.04.00' />
  <meta name='ocr-capabilities' content='ocr_page ocr_carea ocr_par ocr_line ocrx_word'/>
</head>
<body>
  <div class='ocr_page' id='page_1' title='image "./tlucreticarider01munrgoog_0100.png"; bbox 0 0 2842 4860; ppageno 0'>
   <div class='ocr_carea' id='block_1_1' title="bbox 172 437 1163 3634">
    <p class='ocr_par' dir='ltr' id='par_1_1' title="bbox 174 437 954 525">
     <span class='ocr_line' id='line_1_1' title="bbox 174 437 954 525; baseline 0.006 -25"><span class='ocrx_word' id='word_1_1' title='bbox 174 437 359 522; x_wconf 88' lang='lat' dir='ltr'>significant</span> <span class='ocrx_word' id='word_1_2' title='bbox 381 437 596 502; x_wconf 86' lang='lat' dir='ltr'>clandestinos</span> <span class='ocrx_word' id='word_1_3' title='bbox 619 444 792 525; x_wconf 85' lang='lat' dir='ltr'>caecosque</span> <span class='ocrx_word' id='word_1_4' title='bbox 815 440 954 506; x_wconf 87' lang='lat' dir='ltr'><strong>subesse.</strong></span> 
     </span>
    </p>

    <p class='ocr_par' dir='ltr' id='par_1_2' title="bbox 174 540 1004 627">
     <span class='ocr_line' id='line_1_2' title="bbox 174 540 1004 627; baseline 0.006 -25"><span class='ocrx_word' id='word_1_5' title='bbox 174 540 279 603; x_wconf 85' lang='lat' dir='ltr'>multa</span> <span class='ocrx_word' id='word_1_6' title='bbox 301 540 425 605; x_wconf 88' lang='lat' dir='ltr'>videbis</span> <span class='ocrx_word' id='word_1_7' title='bbox 447 541 535 604; x_wconf 89' lang='lat' dir='ltr'>enim</span> <span class='ocrx_word' id='word_1_8' title='bbox 558 540 662 626; x_wconf 84' lang='lat' dir='ltr'>plagis</span> <span class='ocrx_word' id='word_1_9' title='bbox 684 541 731 605; x_wconf 92' lang='lat' dir='ltr'>ibi</span> <span class='ocrx_word' id='word_1_10' title='bbox 753 542 879 627; x_wconf 90' lang='lat' dir='ltr'>percita</span> <span class='ocrx_word' id='word_1_11' title='bbox 900 543 1004 607; x_wconf 88' lang='lat' dir='ltr'>caecis</span> 
     </span>
    </p>

    <p class='ocr_par' dir='ltr' id='par_1_3' title="bbox 174 644 945 729">
     <span class='ocr_line' id='line_1_3' title="bbox 174 644 945 729; baseline 0.004 -23"><span class='ocrx_word' id='word_1_12' title='bbox 174 652 373 708; x_wconf 87' lang='lat' dir='ltr'>commutare</span> <span class='ocrx_word' id='word_1_13' title='bbox 395 644 482 708; x_wconf 91' lang='lat' dir='ltr'>viam</span> <span class='ocrx_word' id='word_1_14' title='bbox 504 653 654 729; x_wconf 85' lang='lat' dir='ltr'>retroque</span> <span class='ocrx_word' id='word_1_15' title='bbox 676 645 806 729; x_wconf 90' lang='lat' dir='ltr'>repulsa</span> <span class='ocrx_word' id='word_1_16' title='bbox 827 647 945 711; x_wconf 86' lang='lat' dir='ltr'>reverti</span> 
     </span>
    </p>

    <p class='ocr_par' dir='ltr' id='par_1_4' title="bbox 174 748 1065 836">
     <span class='ocr_line' id='line_1_4' title="bbox 174 748 1065 836; baseline 0.009 -29"><span class='ocrx_word' id='word_1_17' title='bbox 174 768 261 812; x_wconf 91' lang='lat' dir='ltr'>nuno</span> <span class='ocrx_word' id='word_1_18' title='bbox 284 748 347 812; x_wconf 89' lang='lat' dir='ltr'>hue</span> <span class='ocrx_word' id='word_1_19' title='bbox 369 772 456 813; x_wconf 90' lang='lat' dir='ltr'>nunc</span> <span class='ocrx_word' id='word_1_20' title='bbox 478 749 556 814; x_wconf 90' lang='lat' dir='ltr'>illuc</span> <span class='ocrx_word' id='word_1_21' title='bbox 577 749 613 812; x_wconf 90' lang='lat' dir='ltr'>in</span> <span class='ocrx_word' id='word_1_22' title='bbox 635 758 767 813; x_wconf 88' lang='lat' dir='ltr'>cunctas</span> <span class='ocrx_word' id='word_1_23' title='bbox 788 750 933 836; x_wconf 89' lang='lat' dir='ltr'>undique</span> <span class='ocrx_word' id='word_1_24' title='bbox 955 751 1065 836; x_wconf 88' lang='lat' dir='ltr'>partis.</span> 
     </span>
    </p>

    <p class='ocr_par' dir='ltr' id='par_1_5' title="bbox 174 850 963 940">
     <span class='ocr_line' id='line_1_5' title="bbox 174 850 963 940; baseline 0.008 -27"><span class='ocrx_word' id='word_1_25' title='bbox 174 850 295 921; x_wconf 83' lang='lat' dir='ltr'>scilicet</span> <span class='ocrx_word' id='word_1_26' title='bbox 317 853 371 917; x_wconf 93' lang='lat' dir='ltr'>hic</span> <span class='ocrx_word' id='word_1_27' title='bbox 393 877 413 918; x_wconf 88' lang='lat' dir='ltr'>a</span> <span class='ocrx_word' id='word_1_28' title='bbox 434 853 601 938; x_wconf 86' lang='lat' dir='ltr'>principiis</span> <span class='ocrx_word' id='word_1_29' title='bbox 624 861 673 917; x_wconf 92' lang='lat' dir='ltr'>est</span> <span class='ocrx_word' id='word_1_30' title='bbox 696 853 847 918; x_wconf 91' lang='lat' dir='ltr'>omnibus</span> <span class='ocrx_word' id='word_1_31' title='bbox 870 877 963 940; x_wconf 63' lang='lat' dir='ltr'>errpr.</span> 
     </span>
    </p>

    <p class='ocr_par' dir='ltr' id='par_1_6' title="bbox 174 955 1062 1042">
     <span class='ocr_line' id='line_1_6' title="bbox 174 955 1062 1042; baseline 0.008 -26"><span class='ocrx_word' id='word_1_32' title='bbox 174 955 280 1038; x_wconf 88' lang='lat' dir='ltr'>prima</span> <span class='ocrx_word' id='word_1_33' title='bbox 301 968 474 1020; x_wconf 91' lang='lat' dir='ltr'>moventur</span> <span class='ocrx_word' id='word_1_34' title='bbox 495 957 582 1020; x_wconf 90' lang='lat' dir='ltr'>enim</span> <span class='ocrx_word' id='word_1_35' title='bbox 604 979 663 1042; x_wconf 92' lang='lat' dir='ltr'>per</span> <span class='ocrx_word' id='word_1_36' title='bbox 684 979 718 1020; x_wconf 91' lang='lat' dir='ltr'>se</span> <span class='ocrx_word' id='word_1_37' title='bbox 741 957 919 1042; x_wconf 90' lang='lat' dir='ltr'>primordia</span> <span class='ocrx_word' id='word_1_38' title='bbox 939 981 1062 1040; x_wconf 86' lang='lat' dir='ltr'>reru.m;</span> 
     </span>
    </p>

    <p class='ocr_par' dir='ltr' id='par_1_7' title="bbox 175 1058 985 1145">
     <span class='ocr_line' id='line_1_7' title="bbox 175 1058 985 1145; baseline 0.006 -24"><span class='ocrx_word' id='word_1_39' title='bbox 175 1058 252 1122; x_wconf 85' lang='lat' dir='ltr'>iude</span> <span class='ocrx_word' id='word_1_40' title='bbox 274 1082 417 1144; x_wconf 84' lang='lat' dir='ltr'>eaquae</span> <span class='ocrx_word' id='word_1_41' title='bbox 440 1082 537 1144; x_wconf 90' lang='lat' dir='ltr'>parvo</span> <span class='ocrx_word' id='word_1_42' title='bbox 560 1069 636 1123; x_wconf 90' lang='lat' dir='ltr'>sunt</span> <span class='ocrx_word' id='word_1_43' title='bbox 659 1082 791 1145; x_wconf 90' lang='lat' dir='ltr'>corpora</span> <span class='ocrx_word' id='word_1_44' title='bbox 813 1061 985 1126; x_wconf 87' lang='lat' dir='ltr'>conciliatu</span> 
     </span>
    </p>

    <p class='ocr_par' dir='ltr' id='par_1_8' title="bbox 174 1162 1017 1249">
     <span class='ocr_line' id='line_1_8' title="bbox 174 1162 1017 1249; baseline 0.005 -24"><span class='ocrx_word' id='word_1_45' title='bbox 174 1171 208 1225; x_wconf 92' lang='lat' dir='ltr'>et</span> <span class='ocrx_word' id='word_1_46' title='bbox 230 1165 323 1249; x_wconf 75' lang='lat' dir='ltr'>quasi</span> <span class='ocrx_word' id='word_1_47' title='bbox 345 1163 493 1248; x_wconf 82' lang='lat' dir='ltr'>proxima</span> <span class='ocrx_word' id='word_1_48' title='bbox 515 1171 591 1226; x_wconf 90' lang='lat' dir='ltr'>sunt</span> <span class='ocrx_word' id='word_1_49' title='bbox 613 1162 655 1227; x_wconf 86' lang='lat' dir='ltr'>ad</span> <span class='ocrx_word' id='word_1_50' title='bbox 677 1163 753 1227; x_wconf 90' lang='lat' dir='ltr'>viris</span> <span class='ocrx_word' id='word_1_51' title='bbox 775 1164 1017 1249; x_wconf 87' lang='lat' dir='ltr'>principiorum,</span> 
     </span>
    </p>

    <p class='ocr_par' dir='ltr' id='par_1_9' title="bbox 175 1266 876 1353">
     <span class='ocr_line' id='line_1_9' title="bbox 175 1266 876 1353; baseline 0.006 -25"><span class='ocrx_word' id='word_1_52' title='bbox 175 1266 294 1331; x_wconf 85' lang='lat' dir='ltr'>ictibus</span> <span class='ocrx_word' id='word_1_53' title='bbox 315 1269 443 1335; x_wconf 89' lang='lat' dir='ltr'>illorum</span> <span class='ocrx_word' id='word_1_54' title='bbox 466 1268 567 1331; x_wconf 89' lang='lat' dir='ltr'>caecis</span> <span class='ocrx_word' id='word_1_55' title='bbox 589 1268 719 1353; x_wconf 89' lang='lat' dir='ltr'>inpulsa</span> <span class='ocrx_word' id='word_1_56' title='bbox 740 1269 876 1347; x_wconf 76' lang='lat' dir='ltr'>cientur,</span> 
     </span>
    </p>

    <p class='ocr_par' dir='ltr' id='par_1_10' title="bbox 174 1370 935 1456">
     <span class='ocr_line' id='line_1_10' title="bbox 174 1370 935 1456; baseline 0.007 -24"><span class='ocrx_word' id='word_1_57' title='bbox 174 1370 307 1456; x_wconf 89' lang='lat' dir='ltr'>ipsaque</span> <span class='ocrx_word' id='word_1_58' title='bbox 330 1393 481 1456; x_wconf 93' lang='lat' dir='ltr'>proporro</span> <span class='ocrx_word' id='word_1_59' title='bbox 503 1371 600 1456; x_wconf 87' lang='lat' dir='ltr'>paulo</span> <span class='ocrx_word' id='word_1_60' title='bbox 622 1373 744 1436; x_wconf 85' lang='lat' dir='ltr'>maiora</span> <span class='ocrx_word' id='word_1_61' title='bbox 766 1373 935 1438; x_wconf 88' lang='lat' dir='ltr'>lacessunt.</span> 
     </span>
    </p>

    <p class='ocr_par' dir='ltr' id='par_1_11' title="bbox 175 1475 895 1561">
     <span class='ocr_line' id='line_1_11' title="bbox 175 1475 895 1561; baseline 0 -22"><span class='ocrx_word' id='word_1_62' title='bbox 175 1476 220 1539; x_wconf 90' lang='lat' dir='ltr'>sio</span> <span class='ocrx_word' id='word_1_63' title='bbox 242 1498 262 1538; x_wconf 93' lang='lat' dir='ltr'>a</span> <span class='ocrx_word' id='word_1_64' title='bbox 283 1475 450 1561; x_wconf 87' lang='lat' dir='ltr'>principiis</span> <span class='ocrx_word' id='word_1_65' title='bbox 473 1475 617 1538; x_wconf 89' lang='lat' dir='ltr'>ascendit</span> <span class='ocrx_word' id='word_1_66' title='bbox 639 1484 747 1539; x_wconf 87' lang='lat' dir='ltr'>motus</span> <span class='ocrx_word' id='word_1_67' title='bbox 770 1484 804 1538; x_wconf 90' lang='lat' dir='ltr'>et</span> <span class='ocrx_word' id='word_1_68' title='bbox 827 1476 895 1540; x_wconf 85' lang='lat' dir='ltr'>exit</span> 
     </span>
    </p>

    <p class='ocr_par' dir='ltr' id='par_1_12' title="bbox 173 1579 962 1663">
     <span class='ocr_line' id='line_1_12' title="bbox 173 1579 962 1663; baseline 0.003 -21"><span class='ocrx_word' id='word_1_69' title='bbox 173 1579 334 1663; x_wconf 85' lang='lat' dir='ltr'>paulatim</span> <span class='ocrx_word' id='word_1_70' title='bbox 356 1587 481 1647; x_wconf 85' lang='lat' dir='ltr'>nostros</span> <span class='ocrx_word' id='word_1_71' title='bbox 503 1580 543 1643; x_wconf 90' lang='lat' dir='ltr'>ad</span> <span class='ocrx_word' id='word_1_72' title='bbox 566 1602 686 1656; x_wconf 70' lang='lat' dir='ltr'>sensus</span> <span class='ocrx_word' id='word_1_73' title='bbox 709 1587 747 1644; x_wconf 96' lang='lat' dir='ltr'>ut</span> <span class='ocrx_word' id='word_1_74' title='bbox 769 1589 962 1645; x_wconf 86' lang='lat' dir='ltr'>moveantur</span> 
     </span>
    </p>

    <p class='ocr_par' dir='ltr' id='par_1_13' title="bbox 174 1682 1101 1769">
     <span class='ocr_line' id='line_1_13' title="bbox 174 1682 1101 1769; baseline 0.004 -25"><span class='ocrx_word' id='word_1_75' title='bbox 174 1682 231 1744; x_wconf 90' lang='lat' dir='ltr'>illa</span> <span class='ocrx_word' id='word_1_76' title='bbox 253 1705 390 1767; x_wconf 90' lang='lat' dir='ltr'>quoque,</span> <span class='ocrx_word' id='word_1_77' title='bbox 413 1682 447 1745; x_wconf 88' lang='lat' dir='ltr'>in</span> <span class='ocrx_word' id='word_1_78' title='bbox 469 1683 545 1748; x_wconf 91' lang='lat' dir='ltr'>solis</span> <span class='ocrx_word' id='word_1_79' title='bbox 566 1705 649 1767; x_wconf 90' lang='lat' dir='ltr'>quae</span> <span class='ocrx_word' id='word_1_80' title='bbox 672 1682 796 1746; x_wconf 87' lang='lat' dir='ltr'>lumine</span> <span class='ocrx_word' id='word_1_81' title='bbox 819 1705 948 1747; x_wconf 89' lang='lat' dir='ltr'>cernere</span> <span class='ocrx_word' id='word_1_82' title='bbox 971 1684 1101 1769; x_wconf 83' lang='lat' dir='ltr'>quimus</span> 
     </span>
    </p>

    <p class='ocr_par' dir='ltr' id='par_1_14' title="bbox 174 1786 1163 1975">
     <span class='ocr_line' id='line_1_14' title="bbox 174 1786 1163 1874; baseline 0.002 -25"><span class='ocrx_word' id='word_1_83' title='bbox 174 1808 234 1849; x_wconf 92' lang='lat' dir='ltr'>nec</span> <span class='ocrx_word' id='word_1_84' title='bbox 256 1786 375 1871; x_wconf 91' lang='lat' dir='ltr'>quibus</span> <span class='ocrx_word' id='word_1_85' title='bbox 397 1787 430 1850; x_wconf 93' lang='lat' dir='ltr'>id</span> <span class='ocrx_word' id='word_1_86' title='bbox 452 1788 573 1852; x_wconf 90' lang='lat' dir='ltr'>faciant</span> <span class='ocrx_word' id='word_1_87' title='bbox 595 1787 699 1874; x_wconf 87' lang='lat' dir='ltr'>plagis</span> <span class='ocrx_word' id='word_1_88' title='bbox 721 1795 855 1872; x_wconf 88' lang='lat' dir='ltr'>apparet</span> <span class='ocrx_word' id='word_1_89' title='bbox 877 1795 996 1872; x_wconf 89' lang='lat' dir='ltr'>aperte.</span> <span class='ocrx_word' id='word_1_90' title='bbox 1061 1828 1103 1850; x_wconf 46' lang='grc' dir='ltr'>,ι</span> <span class='ocrx_word' id='word_1_91' title='bbox 1160 1860 1163 1867; x_wconf 69' lang='lat'><em>‚</em></span> 
     </span>
     <span class='ocr_line' id='line_1_15' title="bbox 219 1889 997 1975; baseline 0.004 -23"><span class='ocrx_word' id='word_1_92' title='bbox 219 1889 316 1954; x_wconf 90' lang='lat' dir='ltr'>Nunc</span> <span class='ocrx_word' id='word_1_93' title='bbox 339 1912 422 1975; x_wconf 88' lang='lat' dir='ltr'>quae</span> <span class='ocrx_word' id='word_1_94' title='bbox 445 1890 609 1954; x_wconf 75' lang='lat' dir='ltr'>mobilitas</span> <span class='ocrx_word' id='word_1_95' title='bbox 632 1890 676 1954; x_wconf 92' lang='lat' dir='ltr'>sit</span> <span class='ocrx_word' id='word_1_96' title='bbox 698 1890 825 1954; x_wconf 92' lang='lat' dir='ltr'>reddita</span> <span class='ocrx_word' id='word_1_97' title='bbox 847 1891 997 1955; x_wconf 87' lang='lat' dir='ltr'>materiai</span> 
     </span>
    </p>

    <p class='ocr_par' dir='ltr' id='par_1_15' title="bbox 174 1994 1087 2079">
     <span class='ocr_line' id='line_1_16' title="bbox 174 1994 1087 2079; baseline 0.002 -23"><span class='ocrx_word' id='word_1_98' title='bbox 174 1995 367 2078; x_wconf 72' lang='lat' dir='ltr'>corporibus</span> <span class='ocrx_word' id='word_1_99' title='bbox 389 1994 500 2079; x_wconf 83' lang='lat' dir='ltr'>paucis</span> <span class='ocrx_word' id='word_1_100' title='bbox 522 1995 600 2061; x_wconf 88' lang='lat' dir='ltr'>licet</span> <span class='ocrx_word' id='word_1_101' title='bbox 621 1994 697 2058; x_wconf 89' lang='lat' dir='ltr'>hino</span> <span class='ocrx_word' id='word_1_102' title='bbox 720 2016 918 2079; x_wconf 84' lang='lat' dir='ltr'>cognoscere,</span> <span class='ocrx_word' id='word_1_103' title='bbox 941 1994 1087 2060; x_wconf 89' lang='lat' dir='ltr'>Memmi.</span> 
     </span>
    </p>

    <p class='ocr_par' dir='ltr' id='par_1_16' title="bbox 173 2097 1073 2185">
     <span class='ocr_line' id='line_1_17' title="bbox 173 2097 1073 2185; baseline 0.004 -25"><span class='ocrx_word' id='word_1_104' title='bbox 173 2097 316 2181; x_wconf 91' lang='lat' dir='ltr'>primum</span> <span class='ocrx_word' id='word_1_105' title='bbox 339 2122 454 2163; x_wconf 86' lang='lat' dir='ltr'>aurora</span> <span class='ocrx_word' id='word_1_106' title='bbox 475 2122 559 2164; x_wconf 92' lang='lat' dir='ltr'>novo</span> <span class='ocrx_word' id='word_1_107' title='bbox 581 2122 656 2163; x_wconf 93' lang='lat' dir='ltr'>cum</span> <span class='ocrx_word' id='word_1_108' title='bbox 679 2100 802 2185; x_wconf 81' lang='lat' dir='ltr'>spargit</span> <span class='ocrx_word' id='word_1_109' title='bbox 824 2099 948 2164; x_wconf 89' lang='lat' dir='ltr'>lumine</span> <span class='ocrx_word' id='word_1_110' title='bbox 971 2107 1073 2164; x_wconf 86' lang='lat' dir='ltr'>terras</span> 
     </span>
    </p>

    <p class='ocr_par' dir='ltr' id='par_1_17' title="bbox 173 2201 1008 2288">
     <span class='ocr_line' id='line_1_18' title="bbox 173 2201 1008 2288; baseline 0.006 -25"><span class='ocrx_word' id='word_1_111' title='bbox 173 2208 208 2263; x_wconf 81' lang='lat' dir='ltr'>et</span> <span class='ocrx_word' id='word_1_112' title='bbox 230 2201 337 2266; x_wconf 87' lang='lat' dir='ltr'>variae</span> <span class='ocrx_word' id='word_1_113' title='bbox 358 2202 505 2267; x_wconf 90' lang='lat' dir='ltr'>volucres</span> <span class='ocrx_word' id='word_1_114' title='bbox 526 2225 658 2267; x_wconf 87' lang='lat' dir='ltr'>nemora</span> <span class='ocrx_word' id='word_1_115' title='bbox 680 2202 753 2266; x_wconf 87' lang='lat' dir='ltr'>avia</span> <span class='ocrx_word' id='word_1_116' title='bbox 774 2203 1008 2288; x_wconf 83' lang='lat' dir='ltr'>pervolitantes</span> 
     </span>
    </p>

    <p class='ocr_par' dir='ltr' id='par_1_18' title="bbox 172 2305 1067 2392">
     <span class='ocr_line' id='line_1_19' title="bbox 172 2305 1067 2392; baseline 0.004 -25"><span class='ocrx_word' id='word_1_117' title='bbox 172 2326 250 2367; x_wconf 88' lang='lat' dir='ltr'>aera</span> <span class='ocrx_word' id='word_1_118' title='bbox 271 2327 328 2389; x_wconf 89' lang='lat' dir='ltr'>per</span> <span class='ocrx_word' id='word_1_119' title='bbox 349 2313 500 2385; x_wconf 69' lang='lat' dir='ltr'>terrerum</span> <span class='ocrx_word' id='word_1_120' title='bbox 522 2305 654 2391; x_wconf 90' lang='lat' dir='ltr'>liquidis</span> <span class='ocrx_word' id='word_1_121' title='bbox 676 2306 745 2370; x_wconf 89' lang='lat' dir='ltr'>loca</span> <span class='ocrx_word' id='word_1_122' title='bbox 767 2306 901 2370; x_wconf 90' lang='lat' dir='ltr'>vocibus</span> <span class='ocrx_word' id='word_1_123' title='bbox 923 2307 1067 2392; x_wconf 84' lang='lat' dir='ltr'>opplent,</span> 
     </span>
    </p>

    <p class='ocr_par' dir='ltr' id='par_1_19' title="bbox 174 2409 959 2493">
     <span class='ocr_line' id='line_1_20' title="bbox 174 2409 959 2493; baseline 0.004 -22"><span class='ocrx_word' id='word_1_124' title='bbox 174 2430 272 2492; x_wconf 91' lang='lat' dir='ltr'>quam</span> <span class='ocrx_word' id='word_1_125' title='bbox 295 2409 403 2473; x_wconf 90' lang='lat' dir='ltr'>subito</span> <span class='ocrx_word' id='word_1_126' title='bbox 426 2410 528 2473; x_wconf 89' lang='lat' dir='ltr'>soleat</span> <span class='ocrx_word' id='word_1_127' title='bbox 550 2409 597 2473; x_wconf 92' lang='lat' dir='ltr'>sol</span> <span class='ocrx_word' id='word_1_128' title='bbox 620 2418 709 2473; x_wconf 88' lang='lat' dir='ltr'>ortus</span> <span class='ocrx_word' id='word_1_129' title='bbox 731 2418 877 2493; x_wconf 89' lang='lat' dir='ltr'>tempore</span> <span class='ocrx_word' id='word_1_130' title='bbox 900 2410 959 2474; x_wconf 86' lang='lat' dir='ltr'>tali</span> 
     </span>
    </p>

    <p class='ocr_par' dir='ltr' id='par_1_20' title="bbox 173 2512 881 2597">
     <span class='ocr_line' id='line_1_21' title="bbox 173 2512 881 2597; baseline 0.006 -24"><span class='ocrx_word' id='word_1_131' title='bbox 173 2513 352 2576; x_wconf 86' lang='lat' dir='ltr'>convestire</span> <span class='ocrx_word' id='word_1_132' title='bbox 374 2535 433 2575; x_wconf 89' lang='lat' dir='ltr'>sua</span> <span class='ocrx_word' id='word_1_133' title='bbox 454 2512 649 2597; x_wconf 86' lang='lat' dir='ltr'>perfundens</span> <span class='ocrx_word' id='word_1_134' title='bbox 672 2513 780 2576; x_wconf 90' lang='lat' dir='ltr'>omnia</span> <span class='ocrx_word' id='word_1_135' title='bbox 801 2513 881 2588; x_wconf 88' lang='lat' dir='ltr'>luce,</span> 
     </span>
    </p>

    <p class='ocr_par' dir='ltr' id='par_1_21' title="bbox 174 2615 1125 2702">
     <span class='ocr_line' id='line_1_22' title="bbox 174 2615 1125 2702; baseline 0.004 -25"><span class='ocrx_word' id='word_1_136' title='bbox 174 2615 326 2680; x_wconf 91' lang='lat' dir='ltr'>omnibus</span> <span class='ocrx_word' id='word_1_137' title='bbox 348 2617 383 2680; x_wconf 88' lang='lat' dir='ltr'>in</span> <span class='ocrx_word' id='word_1_138' title='bbox 405 2625 559 2702; x_wconf 87' lang='lat' dir='ltr'>promptu</span> <span class='ocrx_word' id='word_1_139' title='bbox 581 2616 855 2702; x_wconf 85' lang='lat' dir='ltr'>manifestumque</span> <span class='ocrx_word' id='word_1_140' title='bbox 878 2639 947 2681; x_wconf 88' lang='lat' dir='ltr'>esse</span> <span class='ocrx_word' id='word_1_141' title='bbox 969 2617 1125 2682; x_wconf 89' lang='lat' dir='ltr'>videmus.</span> 
     </span>
    </p>

    <p class='ocr_par' dir='ltr' id='par_1_22' title="bbox 173 2721 1067 2807">
     <span class='ocr_line' id='line_1_23' title="bbox 173 2721 1067 2807; baseline 0.003 -24"><span class='ocrx_word' id='word_1_142' title='bbox 173 2727 209 2783; x_wconf 87' lang='lat' dir='ltr'>at</span> <span class='ocrx_word' id='word_1_143' title='bbox 231 2743 330 2805; x_wconf 89' lang='lat' dir='ltr'>vapor</span> <span class='ocrx_word' id='word_1_144' title='bbox 351 2722 379 2786; x_wconf 86' lang='lat' dir='ltr'>is</span> <span class='ocrx_word' id='word_1_145' title='bbox 402 2744 499 2806; x_wconf 93' lang='lat' dir='ltr'>quem</span> <span class='ocrx_word' id='word_1_146' title='bbox 522 2722 569 2785; x_wconf 94' lang='lat' dir='ltr'>sol</span> <span class='ocrx_word' id='word_1_147' title='bbox 591 2721 696 2785; x_wconf 89' lang='lat' dir='ltr'>mittit</span> <span class='ocrx_word' id='word_1_148' title='bbox 719 2722 894 2807; x_wconf 90' lang='lat' dir='ltr'>lumenque</span> <span class='ocrx_word' id='word_1_149' title='bbox 917 2745 1067 2786; x_wconf 89' lang='lat' dir='ltr'>serenum</span> 
     </span>
    </p>

    <p class='ocr_par' dir='ltr' id='par_1_23' title="bbox 173 2825 1024 2910">
     <span class='ocr_line' id='line_1_24' title="bbox 173 2825 1024 2910; baseline 0.005 -24"><span class='ocrx_word' id='word_1_150' title='bbox 173 2845 240 2887; x_wconf 87' lang='lat' dir='ltr'>non</span> <span class='ocrx_word' id='word_1_151' title='bbox 261 2847 319 2909; x_wconf 91' lang='lat' dir='ltr'>per</span> <span class='ocrx_word' id='word_1_152' title='bbox 341 2826 437 2890; x_wconf 88' lang='lat' dir='ltr'>inane</span> <span class='ocrx_word' id='word_1_153' title='bbox 459 2835 548 2890; x_wconf 90' lang='lat' dir='ltr'>meat</span> <span class='ocrx_word' id='word_1_154' title='bbox 570 2848 722 2904; x_wconf 89' lang='lat' dir='ltr'>vacuum;</span> <span class='ocrx_word' id='word_1_155' title='bbox 745 2848 808 2910; x_wconf 92' lang='lat' dir='ltr'>quo</span> <span class='ocrx_word' id='word_1_156' title='bbox 830 2825 955 2889; x_wconf 86' lang='lat' dir='ltr'>tardius</span> <span class='ocrx_word' id='word_1_157' title='bbox 976 2826 1024 2890; x_wconf 88' lang='lat' dir='ltr'>ire</span> 
     </span>
    </p>

    <p class='ocr_par' dir='ltr' id='par_1_24' title="bbox 173 2928 989 3015">
     <span class='ocr_line' id='line_1_25' title="bbox 173 2928 989 3015; baseline 0.004 -23"><span class='ocrx_word' id='word_1_158' title='bbox 173 2928 307 3013; x_wconf 84' lang='lat' dir='ltr'>cogitur,</span> <span class='ocrx_word' id='word_1_159' title='bbox 331 2930 433 2994; x_wconf 90' lang='lat' dir='ltr'>aerias</span> <span class='ocrx_word' id='word_1_160' title='bbox 456 2929 548 3015; x_wconf 89' lang='lat' dir='ltr'>quasi</span> <span class='ocrx_word' id='word_1_161' title='bbox 570 2929 649 2993; x_wconf 92' lang='lat' dir='ltr'>dum</span> <span class='ocrx_word' id='word_1_162' title='bbox 671 2929 855 2995; x_wconf 87' lang='lat' dir='ltr'>diverberet</span> <span class='ocrx_word' id='word_1_163' title='bbox 877 2929 989 2995; x_wconf 88' lang='lat' dir='ltr'>undas.</span> 
     </span>
    </p>

    <p class='ocr_par' dir='ltr' id='par_1_25' title="bbox 173 3033 974 3120">
     <span class='ocr_line' id='line_1_26' title="bbox 173 3033 974 3120; baseline 0.004 -25"><span class='ocrx_word' id='word_1_164' title='bbox 173 3054 233 3096; x_wconf 91' lang='lat' dir='ltr'>nec</span> <span class='ocrx_word' id='word_1_165' title='bbox 255 3033 446 3119; x_wconf 83' lang='lat' dir='ltr'>singillatim</span> <span class='ocrx_word' id='word_1_166' title='bbox 469 3034 656 3120; x_wconf 89' lang='lat' dir='ltr'>corpuscula</span> <span class='ocrx_word' id='word_1_167' title='bbox 679 3057 826 3119; x_wconf 89' lang='lat' dir='ltr'>quaeque</span> <span class='ocrx_word' id='word_1_168' title='bbox 848 3034 974 3119; x_wconf 88' lang='lat' dir='ltr'>vaporis</span> 
     </span>
    </p>

    <p class='ocr_par' dir='ltr' id='par_1_26' title="bbox 173 3135 1033 3222">
     <span class='ocr_line' id='line_1_27' title="bbox 173 3135 1033 3222; baseline 0.003 -25"><span class='ocrx_word' id='word_1_169' title='bbox 173 3135 231 3198; x_wconf 94' lang='lat' dir='ltr'>sed</span> <span class='ocrx_word' id='word_1_170' title='bbox 252 3136 419 3222; x_wconf 83' lang='lat' dir='ltr'>complexa</span> <span class='ocrx_word' id='word_1_171' title='bbox 441 3146 552 3201; x_wconf 88' lang='lat' dir='ltr'>meant</span> <span class='ocrx_word' id='word_1_172' title='bbox 574 3137 661 3200; x_wconf 90' lang='lat' dir='ltr'>inter</span> <span class='ocrx_word' id='word_1_173' title='bbox 682 3159 716 3201; x_wconf 91' lang='lat' dir='ltr'>se</span> <span class='ocrx_word' id='word_1_174' title='bbox 738 3158 862 3222; x_wconf 91' lang='lat' dir='ltr'>conque</span> <span class='ocrx_word' id='word_1_175' title='bbox 884 3137 1033 3221; x_wconf 82' lang='lat' dir='ltr'>globate3</span> 
     </span>
    </p>

    <p class='ocr_par' dir='ltr' id='par_1_27' title="bbox 173 3239 1056 3324">
     <span class='ocr_line' id='line_1_28' title="bbox 173 3239 1056 3324; baseline 0.003 -23"><span class='ocrx_word' id='word_1_176' title='bbox 173 3249 370 3324; x_wconf 88' lang='lat' dir='ltr'>quapropter</span> <span class='ocrx_word' id='word_1_177' title='bbox 391 3239 487 3304; x_wconf 91' lang='lat' dir='ltr'>simul</span> <span class='ocrx_word' id='word_1_178' title='bbox 509 3240 596 3304; x_wconf 91' lang='lat' dir='ltr'>inter</span> <span class='ocrx_word' id='word_1_179' title='bbox 618 3262 652 3304; x_wconf 93' lang='lat' dir='ltr'>se</span> <span class='ocrx_word' id='word_1_180' title='bbox 673 3239 885 3304; x_wconf 84' lang='lat' dir='ltr'>retrahuntur</span> <span class='ocrx_word' id='word_1_181' title='bbox 907 3248 942 3304; x_wconf 91' lang='lat' dir='ltr'>et</span> <span class='ocrx_word' id='word_1_182' title='bbox 964 3247 1056 3304; x_wconf 88' lang='lat' dir='ltr'>extra</span> 
     </span>
    </p>

    <p class='ocr_par' dir='ltr' id='par_1_28' title="bbox 172 3341 843 3428">
     <span class='ocr_line' id='line_1_29' title="bbox 172 3341 843 3428; baseline 0.004 -24"><span class='ocrx_word' id='word_1_183' title='bbox 172 3341 366 3420; x_wconf 89' lang='lat' dir='ltr'>officiuntur,</span> <span class='ocrx_word' id='word_1_184' title='bbox 388 3344 438 3408; x_wconf 92' lang='lat' dir='ltr'>uti</span> <span class='ocrx_word' id='word_1_185' title='bbox 461 3352 618 3428; x_wconf 86' lang='lat' dir='ltr'>cogantur</span> <span class='ocrx_word' id='word_1_186' title='bbox 640 3342 765 3407; x_wconf 90' lang='lat' dir='ltr'>tardius</span> <span class='ocrx_word' id='word_1_187' title='bbox 787 3343 843 3408; x_wconf 91' lang='lat' dir='ltr'>ire.</span> 
     </span>
    </p>

    <p class='ocr_par' dir='ltr' id='par_1_29' title="bbox 172 3445 974 3531">
     <span class='ocr_line' id='line_1_30' title="bbox 172 3445 974 3531; baseline 0.004 -24"><span class='ocrx_word' id='word_1_188' title='bbox 172 3452 208 3508; x_wconf 86' lang='lat' dir='ltr'>at</span> <span class='ocrx_word' id='word_1_189' title='bbox 230 3467 313 3530; x_wconf 91' lang='lat' dir='ltr'>quae</span> <span class='ocrx_word' id='word_1_190' title='bbox 336 3456 413 3511; x_wconf 91' lang='lat' dir='ltr'>sunt</span> <span class='ocrx_word' id='word_1_191' title='bbox 435 3445 537 3514; x_wconf 90' lang='lat' dir='ltr'>solida</span> <span class='ocrx_word' id='word_1_192' title='bbox 558 3446 734 3531; x_wconf 88' lang='lat' dir='ltr'>primordia</span> <span class='ocrx_word' id='word_1_193' title='bbox 755 3445 974 3531; x_wconf 88' lang='lat' dir='ltr'>simplicitate,</span> 
     </span>
    </p>

    <p class='ocr_par' dir='ltr' id='par_1_30' title="bbox 172 3531 1098 3634">
     <span class='ocr_line' id='line_1_31' title="bbox 172 3531 1098 3634; baseline 0.002 -23"><span class='ocrx_word' id='word_1_194' title='bbox 172 3570 247 3611; x_wconf 92' lang='lat' dir='ltr'>cum</span> <span class='ocrx_word' id='word_1_195' title='bbox 268 3571 327 3634; x_wconf 91' lang='lat' dir='ltr'>per</span> <span class='ocrx_word' id='word_1_196' title='bbox 348 3531 445 3613; x_wconf 87' lang='lat' dir='ltr'>inane</span> <span class='ocrx_word' id='word_1_197' title='bbox 467 3558 581 3613; x_wconf 85' lang='lat' dir='ltr'>meant</span> <span class='ocrx_word' id='word_1_198' title='bbox 601 3571 740 3613; x_wconf 88' lang='lat' dir='ltr'>vacuum</span> <span class='ocrx_word' id='word_1_199' title='bbox 762 3570 822 3613; x_wconf 91' lang='lat' dir='ltr'>nec</span> <span class='ocrx_word' id='word_1_200' title='bbox 844 3571 896 3612; x_wconf 90' lang='lat' dir='ltr'>res</span> <span class='ocrx_word' id='word_1_201' title='bbox 917 3557 1098 3613; x_wconf 91' lang='lat' dir='ltr'>remoratur</span> 
     </span>
    </p>
   </div>
   <div class='ocr_carea' id='block_1_2' title="bbox 85 3727 1294 4437">
    <p class='ocr_par' dir='ltr' id='par_1_31' title="bbox 85 3727 1294 4437">
     <span class='ocr_line' id='line_1_32' title="bbox 85 3727 1294 3790; baseline -0.002 -12"><span class='ocrx_word' id='word_1_202' title='bbox 85 3731 148 3790; x_wconf 81' lang='lat' dir='ltr'>hoc;</span> <span class='ocrx_word' id='word_1_203' title='bbox 165 3727 213 3777; x_wconf 85' lang='lat' dir='ltr'>but</span> <span class='ocrx_word' id='word_1_204' title='bbox 225 3743 284 3778; x_wconf 90' lang='lat' dir='ltr'>over</span> <span class='ocrx_word' id='word_1_205' title='bbox 296 3730 356 3777; x_wconf 84' lang='lat' dir='ltr'>baec</span> <span class='ocrx_word' id='word_1_206' title='bbox 368 3728 396 3776; x_wconf 90' lang='lat' dir='ltr'>in</span> <span class='ocrx_word' id='word_1_207' title='bbox 407 3727 464 3776; x_wconf 90' lang='lat' dir='ltr'>cod.</span> <span class='ocrx_word' id='word_1_208' title='bbox 474 3728 570 3776; x_wconf 87' lang='lat' dir='ltr'>Victor.</span> <span class='ocrx_word' id='word_1_209' title='bbox 579 3743 632 3777; x_wconf 87' lang='lat' dir='ltr'>was</span> <span class='ocrx_word' id='word_1_210' title='bbox 643 3743 707 3777; x_wconf 88' lang='lat' dir='ltr'>once</span> <span class='ocrx_word' id='word_1_211' title='bbox 718 3727 820 3776; x_wconf 86' lang='lat' dir='ltr'>written</span> <span class='ocrx_word' id='word_1_212' title='bbox 831 3743 847 3776; x_wconf 83' lang='lat' dir='ltr'>a</span> <span class='ocrx_word' id='word_1_213' title='bbox 857 3727 928 3776; x_wconf 86' lang='lat' dir='ltr'>word</span> <span class='ocrx_word' id='word_1_214' title='bbox 938 3727 1062 3790; x_wconf 77' lang='lat' dir='ltr'>carelully</span> <span class='ocrx_word' id='word_1_215' title='bbox 1072 3727 1169 3789; x_wconf 73' lang='lat' dir='ltr'>erased,</span> <span class='ocrx_word' id='word_1_216' title='bbox 1182 3741 1211 3777; x_wconf 86' lang='lat' dir='ltr'>as</span> <span class='ocrx_word' id='word_1_217' title='bbox 1222 3741 1294 3776; x_wconf 89' lang='lat' dir='ltr'>some</span> 
     </span>
     <span class='ocr_line' id='line_1_33' title="bbox 85 3808 1293 3871; baseline -0.002 -11"><span class='ocrx_word' id='word_1_218' title='bbox 85 3811 160 3860; x_wconf 82' lang='lat' dir='ltr'>mark</span> <span class='ocrx_word' id='word_1_219' title='bbox 171 3809 255 3859; x_wconf 89' lang='lat' dir='ltr'>under</span> <span class='ocrx_word' id='word_1_220' title='bbox 272 3812 332 3859; x_wconf 84' lang='lat' dir='ltr'>haec</span> <span class='ocrx_word' id='word_1_221' title='bbox 348 3809 398 3858; x_wconf 81' lang='lat' dir='ltr'>has</span> <span class='ocrx_word' id='word_1_222' title='bbox 415 3809 489 3868; x_wconf 86' lang='lat' dir='ltr'>been,</span> <span class='ocrx_word' id='word_1_223' title='bbox 501 3809 572 3871; x_wconf 86' lang='lat' dir='ltr'>quite</span> <span class='ocrx_word' id='word_1_224' title='bbox 582 3808 737 3871; x_wconf 84' lang='lat' dir='ltr'>confirming</span> <span class='ocrx_word' id='word_1_225' title='bbox 749 3808 816 3858; x_wconf 48' lang='lat' dir='ltr'>cisa</span> <span class='ocrx_word' id='word_1_226' title='bbox 835 3823 876 3857; x_wconf 87' lang='lat' dir='ltr'>sse</span> <span class='ocrx_word' id='word_1_227' title='bbox 888 3808 967 3857; x_wconf 87' lang='lat' dir='ltr'>above</span> <span class='ocrx_word' id='word_1_228' title='bbox 978 3824 1004 3871; x_wconf 92' lang='lat' dir='ltr'>p.</span> <span class='ocrx_word' id='word_1_229' title='bbox 1017 3810 1041 3859; x_wconf 88' lang='lat'>9.</span> <span class='ocrx_word' id='word_1_230' title='bbox 1173 3809 1221 3857; x_wconf 82' lang='lat'>134</span> <span class='ocrx_word' id='word_1_231' title='bbox 1237 3823 1293 3858; x_wconf 85' lang='lat' dir='ltr'>con·</span> 
     </span>
     <span class='ocr_line' id='line_1_34' title="bbox 85 3889 1291 3954; baseline -0.004 -10"><span class='ocrx_word' id='word_1_232' title='bbox 85 3895 178 3944; x_wconf 84' lang='lat' dir='ltr'>eiliatu</span> <span class='ocrx_word' id='word_1_233' title='bbox 188 3892 259 3942; x_wconf 86' lang='lat' dir='ltr'>Nice.</span> <span class='ocrx_word' id='word_1_234' title='bbox 274 3891 314 3940; x_wconf 80' lang='lat' dir='ltr'>for</span> <span class='ocrx_word' id='word_1_235' title='bbox 325 3894 472 3941; x_wconf 80' lang='lat' dir='ltr'>conciliata.</span> <span class='ocrx_word' id='word_1_236' title='bbox 576 3892 623 3943; x_wconf 85' lang='lat'>137</span> <span class='ocrx_word' id='word_1_237' title='bbox 639 3894 749 3954; x_wconf 78' lang='lat' dir='ltr'>Ipsaque</span> <span class='ocrx_word' id='word_1_238' title='bbox 764 3906 885 3954; x_wconf 80' lang='lat' dir='ltr'>proporro</span> <span class='ocrx_word' id='word_1_239' title='bbox 904 3890 1016 3941; x_wconf 84' lang='lat' dir='ltr'>Turneb.</span> <span class='ocrx_word' id='word_1_240' title='bbox 1030 3889 1128 3940; x_wconf 80' lang='lat' dir='ltr'>advers.</span> <span class='ocrx_word' id='word_1_241' title='bbox 1141 3905 1156 3938; x_wconf 92' lang='lat' dir='ltr'>v</span> <span class='ocrx_word' id='word_1_242' title='bbox 1168 3891 1200 3942; x_wconf 85' lang='lat'>27</span> <span class='ocrx_word' id='word_1_243' title='bbox 1210 3889 1291 3940; x_wconf 76' lang='lat' dir='ltr'>Lech.</span> 
     </span>
     <span class='ocr_line' id='line_1_35' title="bbox 85 3971 1294 4035; baseline -0.002 -13"><span class='ocrx_word' id='word_1_244' title='bbox 85 3974 246 4035; x_wconf 78' lang='lat' dir='ltr'>lorIpsaque</span> <span class='ocrx_word' id='word_1_245' title='bbox 254 3986 337 4033; x_wconf 83' lang='lat' dir='ltr'>porro.</span> <span class='ocrx_word' id='word_1_246' title='bbox 374 3973 482 4034; x_wconf 80' lang='lat' dir='ltr'>Ipsaque</span> <span class='ocrx_word' id='word_1_247' title='bbox 493 3987 557 4034; x_wconf 79' lang='lat' dir='ltr'>quac</span> <span class='ocrx_word' id='word_1_248' title='bbox 569 3971 658 4021; x_wconf 72' lang='lat' dir='ltr'>(lamb.</span> <span class='ocrx_word' id='word_1_249' title='bbox 670 3972 738 4034; x_wconf 83' lang='lat' dir='ltr'>vulg.</span> <span class='ocrx_word' id='word_1_250' title='bbox 774 3974 880 4034; x_wconf 79' lang='lat' dir='ltr'>Ictaque</span> <span class='ocrx_word' id='word_1_251' title='bbox 892 3987 954 4034; x_wconf 77' lang='lat' dir='ltr'>quoe</span> <span class='ocrx_word' id='word_1_252' title='bbox 965 3971 1034 4020; x_wconf 85' lang='lat' dir='ltr'>Flor.</span> <span class='ocrx_word' id='word_1_253' title='bbox 1046 3972 1087 4020; x_wconf 84' lang='lat'>31.</span> <span class='ocrx_word' id='word_1_254' title='bbox 1160 3971 1208 4020; x_wconf 82' lang='lat'>152</span> <span class='ocrx_word' id='word_1_255' title='bbox 1219 3973 1294 4032; x_wconf 74' lang='lat' dir='ltr'>quest</span> 
     </span>
     <span class='ocr_line' id='line_1_36' title="bbox 85 4050 1293 4115; baseline -0.004 -11"><span class='ocrx_word' id='word_1_256' title='bbox 85 4056 143 4104; x_wconf 75' lang='lat' dir='ltr'>dum</span> <span class='ocrx_word' id='word_1_257' title='bbox 166 4055 313 4102; x_wconf 83' lang='lat' dir='ltr'>diverberet.</span> <span class='ocrx_word' id='word_1_258' title='bbox 357 4054 424 4115; x_wconf 78' lang='lat' dir='ltr'>quod</span> <span class='ocrx_word' id='word_1_259' title='bbox 449 4056 487 4103; x_wconf 85' lang='lat' dir='ltr'>sol</span> <span class='ocrx_word' id='word_1_260' title='bbox 514 4055 656 4103; x_wconf 77' lang='lat' dir='ltr'>diverberat</span> <span class='ocrx_word' id='word_1_261' title='bbox 678 4054 747 4106; x_wconf 87' lang='lat' dir='ltr'>Nico.</span> <span class='ocrx_word' id='word_1_262' title='bbox 768 4053 836 4107; x_wconf 86' lang='lat' dir='ltr'>Flor.</span> <span class='ocrx_word' id='word_1_263' title='bbox 857 4055 888 4102; x_wconf 82' lang='lat'>31</span> <span class='ocrx_word' id='word_1_264' title='bbox 905 4053 996 4102; x_wconf 78' lang='lat' dir='ltr'>Gamb.</span> <span class='ocrx_word' id='word_1_265' title='bbox 1013 4053 1081 4114; x_wconf 83' lang='lat' dir='ltr'>vulg.</span> <span class='ocrx_word' id='word_1_266' title='bbox 1098 4051 1189 4104; x_wconf 86' lang='lat' dir='ltr'>Lamb.</span> <span class='ocrx_word' id='word_1_267' title='bbox 1209 4050 1249 4102; x_wconf 92' lang='lat' dir='ltr'>ed.</span> <span class='ocrx_word' id='word_1_268' title='bbox 1270 4052 1293 4100; x_wconf 89' lang='lat'>1.</span> 
     </span>
     <span class='ocr_line' id='line_1_37' title="bbox 85 4133 1292 4200; baseline -0.003 -14"><span class='ocrx_word' id='word_1_269' title='bbox 85 4138 159 4200; x_wconf 74' lang='lat' dir='ltr'>quasi</span> <span class='ocrx_word' id='word_1_270' title='bbox 180 4143 232 4185; x_wconf 78' lang='lat' dir='ltr'>tum</span> <span class='ocrx_word' id='word_1_271' title='bbox 252 4136 391 4184; x_wconf 80' lang='lat' dir='ltr'>diverberet</span> <span class='ocrx_word' id='word_1_272' title='bbox 407 4135 499 4185; x_wconf 82' lang='lat' dir='ltr'>Lamb.</span> <span class='ocrx_word' id='word_1_273' title='bbox 520 4135 560 4185; x_wconf 92' lang='lat' dir='ltr'>ed.</span> <span class='ocrx_word' id='word_1_274' title='bbox 577 4138 602 4195; x_wconf 83' lang='lat'>2,</span> <span class='ocrx_word' id='word_1_275' title='bbox 620 4139 694 4199; x_wconf 79' lang='lat' dir='ltr'>quasi</span> <span class='ocrx_word' id='word_1_276' title='bbox 715 4138 774 4186; x_wconf 84' lang='lat' dir='ltr'>dum</span> <span class='ocrx_word' id='word_1_277' title='bbox 795 4137 936 4185; x_wconf 78' lang='lat' dir='ltr'>diverberat</span> <span class='ocrx_word' id='word_1_278' title='bbox 956 4134 996 4184; x_wconf 90' lang='lat' dir='ltr'>ed.</span> <span class='ocrx_word' id='word_1_279' title='bbox 1014 4136 1038 4194; x_wconf 84' lang='lat'>3,</span> <span class='ocrx_word' id='word_1_280' title='bbox 1056 4149 1085 4184; x_wconf 80' lang='lat' dir='ltr'>as</span> <span class='ocrx_word' id='word_1_281' title='bbox 1102 4135 1178 4184; x_wconf 88' lang='lat' dir='ltr'>Pont.</span> <span class='ocrx_word' id='word_1_282' title='bbox 1195 4133 1292 4192; x_wconf 73' lang='lat' dir='ltr'>before,</span> 
     </span>
     <span class='ocr_line' id='line_1_38' title="bbox 85 4214 1289 4284; baseline -0.007 -14"><span class='ocrx_word' id='word_1_283' title='bbox 85 4219 226 4284; x_wconf 82' lang='lat' dir='ltr'>‘pessime&#39;</span> <span class='ocrx_word' id='word_1_284' title='bbox 240 4233 299 4280; x_wconf 85' lang='lat' dir='ltr'>says</span> <span class='ocrx_word' id='word_1_285' title='bbox 310 4217 406 4268; x_wconf 82' lang='lat' dir='ltr'>Lech:</span> <span class='ocrx_word' id='word_1_286' title='bbox 424 4225 504 4268; x_wconf 85' lang='lat' dir='ltr'>‘nam</span> <span class='ocrx_word' id='word_1_287' title='bbox 515 4221 575 4267; x_wconf 84' lang='lat' dir='ltr'>dnm</span> <span class='ocrx_word' id='word_1_288' title='bbox 590 4215 794 4279; x_wconf 84' lang='lat' dir='ltr'>intellegendum</span> <span class='ocrx_word' id='word_1_289' title='bbox 810 4219 850 4265; x_wconf 91' lang='lat' dir='ltr'>est</span> <span class='ocrx_word' id='word_1_290' title='bbox 866 4216 965 4268; x_wconf 84' lang='lat' dir='ltr'>donec’.</span> <span class='ocrx_word' id='word_1_291' title='bbox 999 4217 1052 4265; x_wconf 91' lang='lat' dir='ltr'>But</span> <span class='ocrx_word' id='word_1_292' title='bbox 1068 4216 1096 4265; x_wconf 93' lang='lat' dir='ltr'>in</span> <span class='ocrx_word' id='word_1_293' title='bbox 1112 4230 1157 4278; x_wconf 86' lang='lat' dir='ltr'>my</span> <span class='ocrx_word' id='word_1_294' title='bbox 1173 4214 1289 4277; x_wconf 87' lang='lat' dir='ltr'>opinion,</span> 
     </span>
     <span class='ocr_line' id='line_1_39' title="bbox 85 4296 1293 4364; baseline -0.007 -10"><span class='ocrx_word' id='word_1_295' title='bbox 85 4301 184 4364; x_wconf 75' lang='lat' dir='ltr'>though</span> <span class='ocrx_word' id='word_1_296' title='bbox 206 4299 252 4350; x_wconf 83' lang='lat' dir='ltr'>the</span> <span class='ocrx_word' id='word_1_297' title='bbox 278 4300 343 4362; x_wconf 79' lang='lat' dir='ltr'>subi.</span> <span class='ocrx_word' id='word_1_298' title='bbox 366 4300 390 4349; x_wconf 88' lang='lat' dir='ltr'>is</span> <span class='ocrx_word' id='word_1_299' title='bbox 414 4300 484 4362; x_wconf 83' lang='lat' dir='ltr'>quite</span> <span class='ocrx_word' id='word_1_300' title='bbox 502 4300 581 4363; x_wconf 85' lang='lat' dir='ltr'>right,</span> <span class='ocrx_word' id='word_1_301' title='bbox 605 4299 696 4349; x_wconf 83' lang='lat' dir='ltr'>Lomb.</span> <span class='ocrx_word' id='word_1_302' title='bbox 719 4299 776 4348; x_wconf 87' lang='lat' dir='ltr'>well</span> <span class='ocrx_word' id='word_1_303' title='bbox 795 4297 904 4348; x_wconf 87' lang='lat' dir='ltr'>defends</span> <span class='ocrx_word' id='word_1_304' title='bbox 924 4298 969 4348; x_wconf 80' lang='lat' dir='ltr'>the</span> <span class='ocrx_word' id='word_1_305' title='bbox 990 4298 1069 4349; x_wconf 87' lang='lat' dir='ltr'>indic.</span> <span class='ocrx_word' id='word_1_306' title='bbox 1089 4296 1173 4346; x_wconf 88' lang='lat' dir='ltr'>which</span> <span class='ocrx_word' id='word_1_307' title='bbox 1193 4296 1217 4345; x_wconf 85' lang='lat' dir='ltr'>is</span> <span class='ocrx_word' id='word_1_308' title='bbox 1236 4296 1293 4346; x_wconf 80' lang='lat' dir='ltr'>also</span> 
     </span>
     <span class='ocr_line' id='line_1_40' title="bbox 85 4381 1294 4437; baseline -0.007 -1"><span class='ocrx_word' id='word_1_309' title='bbox 85 4386 195 4437; x_wconf 69' lang='lat' dir='ltr'>teneble.</span> <span class='ocrx_word' id='word_1_310' title='bbox 312 4385 357 4433; x_wconf 88' lang='lat'>155</span> <span class='ocrx_word' id='word_1_311' title='bbox 375 4400 400 4432; x_wconf 79' lang='lat' dir='ltr'>se</span> <span class='ocrx_word' id='word_1_312' title='bbox 417 4387 583 4432; x_wconf 77' lang='lat' dir='ltr'>retrahuntur</span> <span class='ocrx_word' id='word_1_313' title='bbox 599 4381 717 4431; x_wconf 87' lang='lat' dir='ltr'>Priscian</span> <span class='ocrx_word' id='word_1_314' title='bbox 735 4383 775 4430; x_wconf 82' lang='lat' dir='ltr'>lor</span> <span class='ocrx_word' id='word_1_315' title='bbox 790 4397 816 4430; x_wconf 79' lang='lat' dir='ltr'>se</span> <span class='ocrx_word' id='word_1_316' title='bbox 833 4384 977 4433; x_wconf 79' lang='lat' dir='ltr'>trahuntur.</span> <span class='ocrx_word' id='word_1_317' title='bbox 1092 4381 1138 4428; x_wconf 86' lang='grc'>158</span> <span class='ocrx_word' id='word_1_318' title='bbox 1155 4387 1294 4429; x_wconf 77' lang='lat' dir='ltr'>remoratur</span> 
     </span>
    </p>
   </div>
   <div class='ocr_carea' id='block_1_3' title="bbox 1122 4483 1217 4545">
    <p class='ocr_par' dir='ltr' id='par_1_32' title="bbox 1122 4483 1217 4545">
     <span class='ocr_line' id='line_1_41' title="bbox 1122 4483 1217 4545; baseline -0.032 0"><span class='ocrx_word' id='word_1_319' title='bbox 1122 4483 1217 4545; x_wconf 69' lang='lat' dir='ltr'>b-⁴h</span> 
     </span>
    </p>
   </div>
   <div class='ocr_carea' id='block_1_4' title="bbox 0 0 1426 4860">
    <p class='ocr_par' dir='ltr' id='par_1_33' title="bbox 0 0 1426 4860">
     <span class='ocr_line' id='line_1_42' title="bbox 0 0 1426 4860; baseline 0 0"><span class='ocrx_word' id='word_1_320' title='bbox 0 0 1426 4860; x_wconf 95' lang='lat' dir='ltr'> </span> 
     </span>
    </p>
   </div>
  </div>
 </body>
</html>
