2842 4860
102 255 166 318 286
364 261 365 266 ’
513 284 521 298 ·
683 251 733 316 VI

188 416 348 482 cernimus
371 439 389 480 e
412 416 504 494 sucis,
527 416 591 480 alio
613 415 734 480 nidoris
757 414 876 481 odores,

101 540 161 604 991
186 528 355 606 praeterea
376 543 506 586 manare
530 520 620 585 aliud
641 544 699 606 per
721 543 798 584 saxa
819 520 957 598 videtur,

187 630 285 709 atque
308 622 397 687 aliud
419 622 524 710 lignis
546 623 636 687 aliud
658 623 794 687 transire
816 644 875 707 per
896 644 1021 699 aurum,

187 735 385 814 argentoque
408 728 491 792 foras
513 727 603 791 aliud
625 727 773 813 vitroque
795 749 910 792 meare.

187 852 262 893 nam
285 830 384 895 fluere
407 830 468 894 hac
489 830 619 915 species,
641 829 715 894 illac
738 829 890 894 calorire
913 828 1051 906 videtur,

101 948 163 1018 995
188 942 286 1019 atque
309 934 380 998 aliis
402 934 485 998 aliut
507 934 604 998 citius
626 933 847 998 transmittere
871 933 992 998 eadem.

188 1037 309 1102 scihcet
331 1037 365 1101 id
387 1037 457 1102 fieri
479 1037 565 1124 cogit
587 1045 706 1101 natura
727 1037 853 1102 viarum

187 1141 388 1206 multimodis
410 1141 545 1219 varians,
568 1150 606 1206 ut
628 1142 725 1227 paulo
748 1141 948 1206 ostendimus
970 1149 1055 1218 ante,

100 1262 166 1327 990
186 1251 319 1329 propter
339 1242 528 1308 dissimilem
551 1251 702 1307 naturam
724 1251 880 1328 textaque
903 1265 1018 1307 rerum.

101 1351 165 1431 998
231 1348 445 1433 Quapropter,
466 1348 550 1412 bene
573 1347 631 1412 ubi
652 1348 732 1412 haec
755 1348 944 1412 confirmata
965 1355 1064 1433 atque
1087 1347 1198 1412 locata

188 1452 297 1515 omnia
318 1451 522 1516 constiterint
544 1452 637 1516 nobis
658 1459 831 1537 praeposta
851 1459 973 1537 parata,

188 1555 274 1640 quod
296 1562 451 1640 superest,
474 1555 567 1620 facile
589 1555 665 1620 hinc
687 1555 770 1620 ratio
792 1555 946 1620 reddetur
967 1562 1002 1620 et
1024 1554 1130 1619 omnis
1235 1573 1312 1622 1000

188 1680 284 1722 causa
304 1657 440 1743 patefiet
463 1680 545 1743 quae
568 1657 643 1721 ferri
664 1657 808 1742 pelliciat
831 1657 905 1722 vim.

187 1762 344 1849 principio
367 1763 466 1827 fluere
489 1786 507 1827 e
530 1762 638 1848 lapide
660 1763 720 1827 hoc
741 1762 906 1848 permulta
926 1771 1088 1828 necessest

188 1866 312 1931 semina
333 1866 400 1932 sive
423 1875 550 1931 aestum
573 1866 630 1952 qui
652 1865 786 1930 discutit
808 1888 883 1930 aera
904 1866 1017 1953 plagis,

188 1971 275 2036 inter
296 1971 352 2057 qui
374 1971 515 2057 lapidem
538 1972 722 2057 ferrumque
745 1978 795 2034 est
818 1993 956 2057 cumque
979 1971 1109 2036 locatus.

188 2071 248 2136 hoc
270 2072 329 2136 ubi
349 2071 495 2136 inanitur
516 2071 658 2157 spatium
680 2072 868 2158 multusque
891 2072 1009 2137 vaoefit
1234 2087 1309 2155 1005

188 2175 223 2240 in
244 2177 351 2242 medio
373 2178 470 2255 locus,
493 2178 656 2262 extemplo
677 2177 854 2262 primordia
875 2176 950 2242 ferri

188 2280 223 2344 in
245 2303 383 2345 vacuum
405 2282 554 2366 prolapsa
576 2280 697 2345 cadunt
719 2280 899 2359 coniuncta,
921 2281 960 2344 fit
982 2288 1084 2367 utque

189 2385 306 2449 anulus
327 2384 396 2470 ipse
419 2392 574 2470 sequatur
595 2391 712 2469 eatque
735 2383 784 2448 ita
805 2406 935 2469 corpore
957 2391 1035 2449 toto.

189 2509 249 2552 nec
270 2510 321 2552 res
343 2489 411 2552 ulla
431 2488 535 2575 magis
556 2487 751 2573 primoribus
773 2510 810 2552 00
832 2487 1001 2552 elementis

189 2591 382 2678 indupedita
403 2591 470 2655 suis
492 2598 562 2655 arte
585 2612 706 2654 conexa
728 2589 878 2654 cohaeret

191 2719 288 2783 quam
311 2696 410 2761 validi
432 2696 507 2761 ferri
529 2703 648 2760 natura
668 2702 704 2760 et
726 2694 862 2782 frigidus
884 2695 1000 2760 horror.

191 2801 384 2887 quominus
407 2808 457 2865 est
479 2800 607 2877 mirum,
630 2799 716 2884 quod
738 2798 817 2875 dico,
840 2799 914 2863 ibus
936 2821 977 2864 ex
999 2798 1170 2864 elementis

192 2927 322 2990 corpora
343 2904 371 2968 si
392 2910 560 2990 nequeunt
583 2925 600 2967 e
623 2903 705 2966 ferro
726 2902 822 2987 plura
844 2909 952 2966 coorta

192 3009 226 3072 in
248 3031 386 3073 vacuum
409 3008 492 3085 ferri,
515 3007 594 3093 quin
616 3007 732 3071 anulus
755 3006 824 3092 ipse
847 3014 1019 3092 sequatur3
1172 3085 1176 3092 ⁸

193 3111 278 3198 quod
300 3112 386 3190 facit,
409 3119 443 3176 et
465 3110 620 3196 sequitur,
642 3110 743 3175 donec
764 3110 914 3195 pervenit
936 3110 977 3174 ed
999 3109 1106 3194 ipsum
1234 3124 1313 3191 1015

192 3215 258 3281 iam
281 3216 421 3302 lapidem
444 3215 609 3300 caecisque
632 3214 666 3278 in
689 3236 727 3279 eo
749 3215 958 3302 compagibus
980 3215 1093 3281 haesit.

193 3319 253 3385 hoc
274 3320 313 3384 fit
334 3320 421 3385 idem
444 3327 576 3384 cunctas
598 3319 633 3382 in
654 3318 764 3403 partie,
786 3319 874 3383 unde
896 3319 1012 3383 vacefit

193 3446 331 3510 cumque
353 3425 450 3502 100110,
472 3423 539 3487 sive
561 3444 579 3486 e
602 3430 782 3487 transverso
803 3421 871 3486 sive
893 3445 1031 3508 superne

107 3662 158 3709 two
174 3659 234 3710 Vat.
271 3661 365 3710 010000
381 3659 451 3711 Nico.
493 3661 643 3710 1000100ἀο
658 3657 748 3710 Iamb.
914 3660 962 3711 986
979 3661 1028 3711 987
1044 3660 1106 3721 alto,
1125 3661 1237 3723 alioque,
1254 3661 1316 3712 alio.

107 3745 170 3805 alio,
190 3746 303 3807 aliaque,
321 3746 377 3793 alio
396 3743 488 3793 Lamb.
619 3744 668 3793 988
685 3743 815 3794 989=995
832 3743 880 3793 996
898 3741 957 3804 (996
974 3742 1041 3807 997).
1173 3743 1222 3793 991
1241 3744 1319 3804 lionis

107 3823 327 3875 Wak.Laoh.for
343 3827 418 3887 10010.
455 3823 1033 3887 1100100101.310011111.Μο1,0111.1011111.
1069 3825 1207 3888 00011000
1223 3825 1315 3877 Lamb.

140 3909 188 3959 997
206 3909 273 3970 (990)
292 3907 349 3957 first
360 3906 450 3970 placed
461 3907 521 3956 here
532 3907 566 3970 by
576 3907 665 3957 Lamb.
678 3909 726 3957 not
737 3906 810 3958 Wak.
933 3906 995 3956 1001
1009 3908 1130 3969 pelliciat
1141 3909 1193 3955 vim
1203 3906 1274 3956 Flor.
1287 3909 1318 3956 31

107 3990 197 4040 (lamb.
210 3990 274 4041 Mar.
290 3990 330 4040 for
339 3993 491 4054 peliciatam
502 3991 532 4052 B,
546 3992 713 4053 perliccatum
724 3989 754 4038 A.
856 3989 919 4039 1006
930 3989 998 4051 ferri
1010 3988 1079 4038 Flor.
1092 3988 1123 4038 31
1136 3988 1227 4038 Gamb.
1240 3988 1317 4040 Pont.

109 4073 174 4121 Mar.
186 4072 227 4121 for
233 4073 312 4135 ferre.
412 4071 1012 4136 1001001000010000001010101001.
1112 4070 1176 4122 1009
1193 4085 1225 4120 00
1236 4068 1320 4120 added

107 4157 142 4219 by
157 4157 179 4205 B
196 4171 261 4206 corr.
277 4155 346 4205 Flor.
364 4156 395 4205 31
412 4155 489 4204 Pont.
507 4154 573 4205 Mor.
615 4161 674 4203 1000
694 4152 782 4202 001111).
946 4151 1010 4202 1011
1030 4158 1125 4201 notura
1144 4161 1169 4202 er
1185 4151 1261 4202 Wak.
1279 4152 1321 4202 for

107 4245 223 4288 acturae.
327 4237 391 4286 1012
408 4237 474 4298 quod
491 4237 556 4294 dico,
568 4237 623 4284 ibas
639 4250 670 4284 00
685 4235 810 4284 elementis
826 4232 875 4283 Ed.
888 4233 929 4282 for
944 4234 1010 4296 quod
1025 4234 1167 4283 1110110100
1182 4236 1319 4285 cameratis.

108 4335 157 4382 quo
173 4318 371 4369 1100110111οο11.
388 4316 473 4367 which
489 4318 503 4366 I
519 4317 553 4367 do
570 4320 617 4367 not
633 4315 803 4366 understand.
837 4317 905 4379 quod
923 4317 1002 4378 paulo
1019 4316 1130 4365 diximus
1147 4322 1206 4366 0010
1224 4315 1317 4368 hamb.

108 4401 203 4465 wildly.
308 4403 494 4464 000000011ον,
508 4400 787 4464 [000100000009111.
894 4399 957 4448 1013
974 4414 987 4449 0
999 4398 1317 4462 fcrroBGumb.Avano.
