2842 4860
649 257 705 320 ΙΙΙ

163 425 197 483 05
221 411 430 482 membratim
455 417 589 482 vitalem
616 417 791 504 deperdere
815 440 964 498 sensum;

161 521 195 584 in
219 521 355 606 pedibus
378 522 520 606 primum
544 520 663 605 digitos
686 521 839 586 livescere
863 529 898 586 et
920 523 1050 610 unguis,

160 622 235 686 inde
262 624 361 708 pedes
385 632 419 688 et
444 609 537 688 crura
560 623 655 701 mori,
676 631 750 708 post
774 624 851 689 inde
874 647 933 711 per
957 634 1048 690 artus

160 726 206 790 ire
233 728 312 792 alios
337 727 468 792 tractim
494 727 594 813 gelidi
618 727 756 812 vestigia
779 726 845 793 leti.
1221 741 1284 809 530

160 829 318 895 scinditur
342 831 434 916 itque
457 831 584 896 animae
608 831 669 894 hoc
693 830 847 915 quoniam
872 839 992 896 natura
1016 852 1075 896 nec
1100 852 1166 895 uno

159 942 304 1019 tempore
330 936 453 1000 sincera
477 935 596 1012 existit,
623 934 770 999 mortalis
793 934 982 1000 habendast.
1186 938 1188 943 ⁴

160 1037 246 1120 quod
273 1037 300 1101 si
324 1038 406 1102 forte
435 1046 532 1122 putas
556 1037 660 1121 ipsam
684 1058 718 1100 se
741 1058 833 1120 posse
858 1059 916 1122 per
941 1045 1030 1102 artus

159 1135 318 1200 introsum
343 1138 470 1202 trahere
497 1145 530 1201 et
556 1136 658 1221 partis
682 1136 859 1201 conducere
884 1137 918 1201 in
941 1160 1045 1202 unum

159 1248 258 1325 atque
284 1242 357 1307 ideo
381 1241 506 1306 cunctis
529 1261 660 1305 sensum
681 1241 839 1305 deducere
862 1240 1026 1320 membris,
1218 1254 1278 1322 535

119 1415 122 1421 ,
159 1353 194 1408 at
217 1345 305 1410 locus
329 1347 384 1410 ille
409 1355 528 1423 tamen,
555 1366 618 1429 quo
642 1345 735 1429 copia
760 1352 853 1409 tanta
876 1345 997 1409 animai

158 1451 292 1536 cogitur,
319 1451 474 1515 insensu
501 1449 599 1514 debet
623 1449 744 1512 maiore
770 1449 890 1528 videri;

158 1555 214 1638 qui
238 1555 391 1640 quoniam
414 1561 615 1640 nusquamst,
641 1553 796 1617 nimirum
820 1562 858 1618 ut
882 1553 1024 1618 diximus
1046 1564 1127 1633 unte,

158 1657 315 1722 dilaniata
337 1658 420 1722 foras
445 1657 649 1743 dispargitur,
674 1656 787 1721 interit
812 1679 895 1741 ergo.

159 1762 361 1844 quinetiam
387 1763 414 1827 si
438 1762 505 1826 iam
531 1762 632 1826 libeat
655 1762 827 1827 concedere
851 1763 967 1826 falsum
1216 1778 1279 1846 540

158 1877 192 1932 et
218 1868 294 1932 dare
316 1889 410 1953 posse
434 1865 578 1930 animam
602 1866 773 1950 glomerari
799 1866 833 1929 iu
858 1888 988 1952 corpore
1013 1888 1133 1944 eorum,

157 1971 283 2035 lumina
306 1971 363 2056 qui
386 1971 513 2035 lincunt
536 1970 720 2034 moribundi
744 1971 973 2055 particulatim,

158 2076 327 2140 mortalem
352 2083 464 2140 tamen
491 2097 560 2140 esse
582 2075 725 2139 animam
749 2075 871 2139 fateare
894 2096 1041 2151 necesse,

158 2202 217 2244 nec
243 2181 341 2244 refert
364 2188 475 2244 utrum
501 2188 614 2265 pereat
641 2180 783 2265 dispersa
806 2201 863 2265 per
886 2201 981 2244 auras

158 2308 200 2348 an
227 2294 391 2350 contracta
414 2285 480 2350 suis
504 2307 522 2349 e
546 2284 693 2369 partibus
717 2283 931 2360 obbrutesoat,
1216 2300 1275 2369 545

158 2388 286 2473 quando
312 2388 477 2452 hominem
503 2395 608 2452 totum
634 2387 737 2472 magis
764 2410 801 2451 ac
827 2388 930 2472 magis
953 2388 1097 2473 undique
1122 2411 1233 2456 sensus

158 2492 266 2557 deficit
290 2500 324 2557 et
347 2493 435 2557 vitae
459 2492 567 2556 minus
594 2501 629 2557 et
655 2493 762 2556 minus
785 2494 928 2578 undique
951 2503 1059 2561 restat.

201 2597 245 2658 Et
269 2595 422 2680 quoniam
449 2616 541 2659 mens
565 2602 615 2659 est
638 2594 779 2659 hominis
805 2617 878 2680 pars
904 2617 978 2672 una,
1002 2597 1070 2661 loco
1094 2619 1176 2682 quae

157 2698 222 2762 fixa
245 2709 357 2764 manet
380 2708 476 2778 certo,
501 2700 594 2765 velut
616 2722 710 2764 aures
734 2709 833 2786 atque
857 2701 940 2765 oculi
963 2709 1041 2766 sunt

156 2811 255 2887 atque
282 2803 339 2866 alii
364 2824 477 2867 sensus
501 2803 558 2888 qui
581 2802 683 2867 vitam
711 2824 849 2889 cumque
871 2805 1061 2889 gubernant,
1214 2823 1278 2890 550

156 2914 190 2969 05
214 2906 316 2970 veluti
340 2927 455 2970 manus
479 2914 577 2990 atque
604 2906 871 2972 oculusnaresve
898 2930 1041 2974 seorsum

156 3019 278 3074 secreta
302 3009 344 3073 ab
367 3010 460 3073 nobis
483 3017 651 3094 nequeunt
677 3010 796 3075 sentire
821 3034 927 3097 neque
951 3033 1029 3090 esse,

156 3115 211 3178 sed
238 3114 407 3179 tamenin
433 3136 530 3199 parvo
554 3114 696 3178 licuntur
719 3123 864 3200 tempore
888 3115 972 3195 tabe,

68 3322 142 3371 Junt.
159 3320 200 3369 for
215 3321 354 3384 refutatur.
451 3319 500 3368 531
517 3320 652 3368 Scinditur
667 3321 739 3381 itque
756 3321 854 3368 cuimee
869 3319 914 3368 ltoe
929 3318 979 3368 Ed.
995 3319 1036 3369 for
1050 3321 1185 3373 Scinditur
1199 3334 1275 3390 atquc

68 3405 153 3452 euicto
165 3404 239 3452 haec:
257 3417 341 3464 comp.
353 3402 411 3451 526.
445 3404 485 3452 Sc.
497 3417 574 3464 usque
586 3404 648 3452 adeo
664 3403 724 3451 haee
739 3401 819 3451 Lech.
853 3403 894 3452 Sc.
912 3417 990 3464 oeque
1006 3405 1105 3452 animae
1123 3406 1275 3459 500οΒ0111.

68 3485 290 3546 Scatquianimo
303 3483 439 3534 boecMar.
454 3483 528 3532 Junt.
562 3484 604 3532 Sc.
621 3485 694 3545 atqui
711 3485 809 3532 animae
820 3482 912 3532 Lamb.
927 3483 994 3544 vulg.
1095 3487 1142 3536 535
1158 3489 1276 3538 deducere

68 3566 158 3616 (lamb.
173 3566 231 3616 Ver.
248 3565 311 3615 Ven.
331 3565 396 3614 Mar.
414 3566 454 3613 lor
471 3566 599 3615 diducere.
698 3567 747 3614 538
763 3573 821 3615 aute
839 3564 921 3615 added
937 3565 972 3629 by
987 3567 1058 3617 Nico.
1158 3571 1206 3620 548
1224 3573 1276 3620 1000

67 3663 133 3711 quae
150 3647 231 3696 Lach.
251 3647 309 3695 first
329 3646 370 3694 for
390 3648 500 3708 locoque.
662 3647 710 3697 551
728 3655 812 3709 etque.
846 3647 1068 3699 anchorarum
1087 3663 1171 3713 comp.
1191 3666 1209 3699 v
1227 3653 1274 3702 965

66 3731 171 3791 9500500
182 3736 258 3791 atque
270 3729 355 3776 arbita
366 3729 407 3776 vel
416 3729 477 3789 piru
491 3729 563 3775 lectu.
676 3728 723 3776 553
742 3730 792 3777 Sed
804 3736 887 3777 romeu
897 3730 926 3777 iu
933 3743 1015 3790 paruo
1028 3731 1160 3792 linquatur
1171 3739 1276 3795 tempore

68 3814 118 3861 tali
135 3826 198 3862 mss.
214 3810 332 3872 ‘quidam
349 3810 453 3859 doctus’.
465 3823 525 3872 says
535 3810 625 3861 Lamb.
640 3810 697 3860 who
715 3811 856 3860 condemns
871 3810 916 3859 the
931 3825 1002 3860 verse
1016 3814 1179 3874 ‘liquentum'
1215 3817 1275 3864 ‘liu-

66 3904 168 3958 quntur.
187 3910 249 3945 mss.
268 3897 332 3956 puto
349 3891 464 3955 legend:
481 3901 550 3942 00050
566 3896 658 3943 etenim
669 3909 752 3957 porco
767 3896 905 3956 uincuntur
921 3900 1026 3955 tempore
1045 3898 1107 3956 tabi,
1127 3895 1179 3945 nisi
1196 3897 1275 3946 malis

67 3980 288 4041 liquuntur...tubi
304 3992 351 4039 pro
367 3978 431 4038 tabe,
449 3980 480 4025 ut
492 3980 567 4039 parti
582 3979 683 4039 coutaqi
698 3992 745 4039 pro
757 3985 832 4040 parte
847 3986 950 4041 coutaqe
965 3982 1016 4029 vet.
1028 3978 1139 4040 passim'
1150 3979 1186 4028 Is.
1198 3979 1273 4031 Voss.

66 4059 96 4108 in
109 4073 158 4108 ms.
172 4060 255 4108 notes.
289 4059 339 4108 Sed
358 4065 441 4106 torrere
457 4056 481 4106 is
498 4058 525 4106 of
541 4072 631 4107 course
648 4057 719 4120 quite
735 4057 818 4120 right;
835 4058 849 4107 I
865 4059 932 4110 have
948 4061 1052 4110 written
1068 4059 1195 4109 therefore
1211 4060 1275 4110 with

67 4141 164 4191 Oreech
174 4140 203 4190 in
214 4144 288 4190 notes
300 4142 350 4190 Sed
359 4147 442 4190 tamea
453 4143 481 4190 in
486 4157 567 4202 paruo
580 4143 694 4191 licuntur
703 4149 808 4204 tempore
820 4137 877 4191 tube
886 4143 959 4204 (Aen.
967 4158 1001 4192 111
1010 4145 1042 4193 28
1052 4142 1073 4190 P
1084 4142 1133 4191 has
1144 4145 1276 4204 licquutur

66 4222 107 4272 for
124 4224 236 4271 licuntur
251 4221 304 4271 and
319 4222 395 4272 Lucr.
414 4237 441 4271 1v
458 4223 523 4270 1243
540 4221 598 4271 Ver.
615 4222 681 4272 Ven.
697 4222 763 4272 have
781 4225 889 4285 liquitur
905 4225 945 4274 for
962 4226 1090 4288 liquitur).
1124 4225 1276 4286 linquuntur·

65 4305 136 4353 Flor.
153 4303 184 4352 31
199 4303 268 4364 vulg.
303 4304 332 4352 in
339 4319 419 4366 pareo
432 4305 562 4352 lincuntur
575 4309 680 4366 tempore
699 4305 752 4353 tabi
766 4303 847 4353 Lech.
865 4305 1021 4367 ι1501101511.
1035 4306 1147 4354 Alitihua
1163 4306 1274 4369 linquere

60 4387 136 4449 seris,
148 4386 174 4435 et
185 4383 260 4434 Ovid.
273 4387 321 4434 leto
333 4400 477 4448 poenaeque
492 4386 620 4434 relietus’:
638 4385 685 4434 but
701 4384 746 4434 the
760 4389 877 4435 moment
892 4386 937 4436 the
948 4386 1016 4449 body
1027 4386 1049 4436 is
1061 4385 1134 4445 dead,
1148 4388 1276 4450 linquitur
