2842 4860
691 219 710 283 I

187 381 294 446 exitus
311 388 349 447 ut
371 380 466 446 classi
485 380 563 446 felix
585 381 776 467 faustusque
798 381 937 448 daretur.

186 493 317 552 tanturn
336 484 448 569 religio
468 485 578 570 potuit
598 484 732 550 suadere
753 486 920 551 malorum.

229 589 384 652 Tutemet
406 587 538 651 anobis
558 587 624 651 iam
644 587 758 672 quovis
775 595 921 674 tempore
940 595 1054 654 vatum

185 692 369 776 terriloquis
386 692 491 756 victus
511 691 607 756 dictis
627 691 800 757 desciscere
820 714 964 777 quaeres.

186 796 307 882 quippe
329 796 452 860 etenim
470 819 568 882 quam
588 798 694 861 multa
712 797 775 861 tibi
795 797 861 861 iam
882 797 1002 882 fingere
1022 804 1158 882 possunt

185 901 310 965 somnia
329 923 412 986 quae
430 901 517 965 vitae
534 901 676 965 rationes
695 909 820 966 vertere
838 902 963 988 possint

186 1005 395 1089 fortunasque
415 1013 489 1070 tuas
508 1006 612 1071 omnis
632 1007 762 1072 turbare
782 1007 916 1072 timore!

187 1116 221 1172 et
243 1108 378 1187 merit03
407 1130 484 1172 narn
505 1109 533 1172 si
555 1116 676 1173 certam
697 1110 796 1174 finem
817 1133 886 1175 esse
905 1109 1054 1175 viderent

186 1233 415 1276 aerumnarum
435 1212 589 1290 homines,
611 1213 721 1296 aliqua
740 1213 865 1278 ratione
886 1214 1032 1280 valerent

186 1314 395 1400 religionibus
417 1324 516 1400 atque
535 1315 632 1380 minis
653 1315 807 1381 obsistere
828 1326 950 1383 vatum.

187 1442 273 1483 nunc
293 1419 377 1484 ratio
399 1420 489 1484 nulla
509 1428 559 1485 est
578 1421 730 1497 restandi,
752 1420 843 1484 nulla
861 1421 1006 1498 facultas,

186 1531 333 1588 aeternas
353 1525 508 1608 quoniam
528 1546 647 1609 poenas
667 1525 702 1589 iu
722 1532 827 1590 morte
844 1525 1065 1591 timendumst.

186 1627 352 1713 ignoratur
370 1628 458 1692 eninr
476 1651 559 1714 quac
580 1629 622 1694 sit
640 1638 758 1694 natura
781 1629 911 1705 animai,

186 1740 264 1797 nata
285 1733 389 1797 sitan
409 1741 520 1798 contra
540 1734 747 1799 nascentibus
767 1733 958 1811 insinuetur,

187 1844 221 1900 et
243 1836 339 1900 simul
361 1838 503 1902 intereat
524 1838 692 1903 nobiscum
714 1846 818 1902 morte
841 1836 1003 1921 dirempta
1032 1884 1035 1890 -

186 1961 229 2003 an
249 1941 398 2005 tenebras
419 1941 495 2006 Orci
516 1941 601 2006 visat
621 1949 792 2025 vastasque
812 1940 944 2005 lacunas

186 2065 229 2107 an
251 2045 391 2128 pecudes
413 2046 493 2109 alias
516 2045 675 2110 divinitus
694 2044 840 2109 insinuet
859 2066 903 2120 se,

187 2147 313 2211 Ennius
330 2156 369 2211 ut
389 2156 499 2212 noster
518 2147 637 2212 cecinit
658 2147 715 2232 qui
735 2147 858 2232 primus
878 2168 1014 2211 amoeno

185 2250 305 2314 detulit
327 2273 368 2316 ex
390 2250 548 2316 Helicone
568 2250 703 2335 perenni
723 2250 834 2314 fronde
855 2272 1013 2326 coronam,

186 2376 244 2438 per
262 2354 369 2439 gentis
389 2354 491 2418 Italas
511 2354 681 2418 hominum
701 2375 785 2438 quae
806 2353 891 2417 clara
911 2353 1051 2432 clueret;
1109 2362 1111 2366 ’

187 2458 249 2523 etsi
268 2466 435 2542 praeterea
455 2465 567 2522 tamen
585 2480 653 2522 esse
673 2457 854 2522 Acherusia
872 2458 998 2543 templa

187 2561 312 2626 Ennius
334 2561 474 2626 aeternis
497 2561 631 2645 exponit
652 2561 798 2625 versibus
821 2560 928 2638 edens,

88 2688 94 2696 ·
187 2687 251 2749 quo
273 2687 379 2750 neque
398 2673 610 2750 permaneant
631 2665 758 2729 animae
779 2687 885 2750 neque
904 2686 1037 2750 corpora
1056 2673 1173 2743 nostra,

185 2768 242 2833 scd
262 2768 422 2862 quaedam
440 2769 611 2833 simulacra
629 2767 732 2832 modis
753 2767 912 2852 pallentia
931 2768 1021 2832 miris
1031 2793 1039 2849 ;

185 2872 272 2937 unde
293 2873 355 2938 sibi
375 2882 520 2939 exortam
541 2895 668 2957 semper
687 2872 832 2937 florentis
852 2873 990 2938 Homeri

186 2986 416 3042 commemorat
435 2978 575 3062 speciem
595 2977 743 3042 lacrimas
764 2977 930 3042 effundere
953 2977 1051 3042 salsas

188 3082 329 3167 coepisse
350 3089 383 3146 et
404 3104 511 3146 rerum
531 3090 683 3148 naturam
703 3081 886 3167 expandere
908 3081 1011 3148 dictis.

189 3193 385 3271 quapropter
406 3185 490 3250 bene
513 3207 587 3249 curn
611 3185 735 3270 superis
757 3186 798 3249 de
820 3185 917 3250 rebus
939 3184 1088 3250 habenda

189 3290 280 3354 nobis
298 3298 348 3354 cst
367 3288 457 3366 ratio,
477 3289 552 3354 solis
571 3289 734 3374 lunaeque
754 3296 881 3353 meatus

190 3415 256 3478 qua
275 3392 357 3456 fiant
374 3392 508 3468 ratione,
530 3399 564 3456 et
585 3391 702 3476 quavi
723 3413 872 3476 quaeque
891 3398 1046 3476 gerantur

190 3496 224 3560 in
242 3496 343 3573 terris,
364 3502 437 3559 turn
456 3517 531 3559 cum
551 3494 665 3580 primis
685 3494 810 3559 ratione
828 3495 934 3580 sagaci

107 3684 109 3688 Α
188 3600 275 3664 unde
295 3599 405 3663 anima
427 3607 526 3682 atque
545 3597 648 3661 animi
667 3605 794 3662 constet
815 3605 933 3662 natura
952 3597 1148 3678 videndum3

189 3713 224 3770 ct
243 3725 327 3789 quac
346 3724 396 3767 res
414 3701 515 3780 nobis,
536 3699 747 3786 vigilantibus
767 3701 870 3779 obvia,
891 3710 1019 3767 mentes

99 3898 173 3950 Nioc.
192 3898 228 3949 all
244 3897 314 3948 Flor.
331 3896 422 3948 (lamb.
438 3896 475 3946 all
489 3895 549 3946 Vat.
566 3898 615 3947 etc.
716 3897 764 3946 104
777 3903 883 3960 possunt
900 3895 966 3948 Mar.
986 3895 1060 3944 Junt.
1078 3894 1237 3957 forporsum.
1270 3893 1307 3943 As

99 3982 125 4031 A
147 3979 199 4031 and
221 3980 267 4030 the
290 3978 401 4028 Italians
423 3977 489 4027 have
517 3981 577 4036 iam,
600 3979 622 4026 B
650 3977 703 4028 and
731 3979 802 4031 Gott.
830 3995 875 4040 me,
901 3980 915 4029 I
939 3993 1003 4029 once
1027 3977 1141 4039 thought
1163 3976 1209 4026 the
1235 3974 1307 4038 right

98 4062 207 4124 reading
222 4062 307 4125 might
323 4061 354 4113 bo
370 4078 387 4112 o
400 4075 437 4112 me
447 4063 545 4125 fiapcre
554 4076 669 4123 possum:
687 4074 728 4110 sea
745 4061 898 4124 Cambridge
909 4061 1020 4112 Journal
1030 4060 1060 4110 of
1073 4057 1225 4122 philologyr
1236 4072 1262 4120 p.
1274 4059 1307 4107 42

98 4149 155 4202 and
171 4148 250 4198 Luor.
268 4146 374 4196 111271.
475 4144 522 4192 111
540 4145 697 4192 tirwndamat
712 4143 791 4193 Orelli
808 4142 887 4205 eulog.
908 4143 938 4192 in
960 4146 1044 4204 notes,
1062 4139 1142 4192 Lech.
1162 4140 1203 4188 lor
1220 4142 1306 4188 timea-

99 4223 168 4283 dum.
268 4228 315 4277 121
340 4229 422 4278 edens.
455 4227 535 4276 eidem
556 4224 637 4275 Laoh.
660 4224 770 4275 without
794 4239 880 4276 causo.
981 4225 1028 4273 122
1048 4227 1221 4286 perrnuaeaat.
1248 4235 1307 4284 per·

98 4319 202 4364 manent
216 4310 281 4372 Aug.
300 4308 414 4359 Politian
431 4306 459 4356 in
475 4322 556 4369 marg.
573 4308 603 4356 of
616 4306 685 4356 Flor.
701 4308 741 4368 29,
761 4307 820 4358 Ver.
840 4307 904 4356 Van.
922 4305 979 4356 Ald.
999 4307 1009 4354 1
1030 4305 1104 4354 Junt.
1123 4307 1171 4354 eto.
1191 4301 1308 4352 followed

99 4395 134 4459 by
149 4393 187 4445 all
205 4390 291 4443 before
306 4388 386 4443 haeh.
418 4391 570 4454 perveniant
587 4388 654 4438 Mar.
754 4388 801 4438 126
827 4390 940 4451 Coepisce
963 4395 987 4437 et
1008 4388 1030 4435 B
1050 4399 1115 4435 oorr.
1132 4385 1202 4433 Flor.
1220 4384 1251 4433 31
1268 4383 1309 4435 lor
