2842 4860
168 192 211 255 66
760 187 777 250 Ι

255 354 365 420 ordine
381 361 515 418 'mutato
538 360 572 417 et
595 362 695 430 motu,
717 353 820 417 facere
843 353 925 416 acris
948 374 1050 428 arnas,

255 460 300 523 sic
322 459 401 522 alias
423 458 495 522 aliis
517 458 614 522 rebus
636 457 792 521 mutarier
814 457 940 521 omnisl

300 562 363 626 ‘At
384 561 557 626 manifesta
579 561 687 645 palam
708 582 760 625 res
781 560 920 624 indicat'
943 558 1051 644 inquis
1073 559 1124 621 ‘in
1147 579 1241 624 auras

256 666 339 731 aeris
361 687 379 730 e
400 674 488 731 terra
509 687 560 730 res
581 664 686 728 omnis
709 687 846 729 crescere
869 665 996 748 alique;

257 775 291 832 et
312 768 376 832 nisi
397 775 574 852 tempestas
595 766 744 851 indulget
765 775 909 851 tempore
931 767 1037 831 fausto

255 869 421 947 imbribus
443 877 483 935 ut
504 869 579 933 tabe
602 868 786 932 nimborum
809 870 942 933 arbusta
963 870 1124 946 vacillent,

257 973 368 1058 solque
391 996 450 1038 sua
471 995 529 1058 pro
551 981 643 1058 parte
667 973 755 1039 fovet
776 973 958 1058 tribuitque
980 974 1127 1048 calorem,

257 1099 396 1141 crescere
418 1076 631 1161 nonpossint
653 1077 761 1163 fruges
783 1078 916 1142 arbusta
937 1078 1111 1142 animantis
1121 1080 1136 1141 '.

258 1181 379 1247 scilicet
401 1188 435 1245 et
457 1180 520 1244 nisi
542 1201 600 1244 nos
623 1180 714 1244 cibus
736 1180 846 1245 aridus
868 1192 902 1245 et
923 1189 1018 1245 tener
1039 1204 1132 1245 umor

258 1284 399 1361 adiuvet,
420 1284 537 1348 amisso
561 1283 627 1346 iarn
649 1305 779 1368 corpore
801 1283 871 1348 vita
892 1306 1020 1369 quoque
1043 1283 1147 1348 omnis

258 1387 407 1453 omnibus
429 1410 447 1452 e
470 1387 577 1453 nervis
600 1397 699 1472 atque
721 1387 846 1452 ossibus
868 1388 1071 1467 cxsoluatur;

258 1491 444 1556 adiutamur
466 1491 553 1555 enim
576 1490 675 1557 dubio
696 1491 807 1576 procul
829 1499 929 1575 atque
951 1491 1069 1555 alimur
1090 1513 1147 1554 nos

257 1596 352 1660 certis
378 1596 419 1660 ab
442 1596 547 1672 rebus,
573 1595 668 1661 certis
691 1595 773 1659 aliae
797 1602 896 1679 atque
919 1595 1001 1659 aliae
1025 1617 1083 1660 res.

258 1699 411 1763 nimirum
436 1699 515 1783 quia
541 1699 646 1763 multa
671 1697 776 1762 modis
799 1697 983 1762 communia
1008 1699 1121 1761 multis

259 1802 436 1866 multarum
460 1824 570 1866 rerum
595 1801 631 1865 in
656 1802 753 1865 rebus
778 1800 954 1886 primordia
978 1801 1081 1864 mixta

258 1914 344 1982 sunt,
370 1904 443 1969 ideo
469 1905 566 1968 variis
590 1903 697 1969 variae
722 1925 773 1968 res
796 1903 892 1968 rebus
915 1904 1056 1968 aluntur.

258 2016 357 2093 atque
382 2009 495 2073 eadem
520 2009 630 2094 magni
655 2008 753 2073 refert
776 2007 952 2092 primordia
975 2030 1070 2092 saepe

258 2135 332 2177 cum
347 2097 475 2199 ¹mribus
499 2120 533 2176 et
556 2112 645 2196 quali
671 2112 816 2196 positura
840 2111 1066 2176 contineantur

258 2225 293 2280 et
318 2238 399 2302 quos
423 2216 510 2281 inter
533 2239 567 2281 sc
591 2217 671 2280 dent
697 2225 806 2281 motus
830 2215 1072 2301 accipiantque3
1126 2269 1132 2281 .

258 2342 400 2406 namque
425 2320 538 2384 eadem
561 2320 687 2384 caelum
711 2341 799 2383 mare
822 2328 923 2384 terras
946 2318 1083 2384 flumina
1106 2319 1206 2384 solem

204 2440 215 2463 ⁰
260 2425 474 2502 constituunt,
503 2423 616 2488 eadem
640 2424 748 2509 fruges
774 2423 906 2488 arbusta
931 2423 1114 2498 animantis,

258 2549 371 2591 verum
398 2527 469 2591 aliis
492 2528 620 2612 alioque
644 2528 739 2592 modo
766 2528 942 2592 commixta
966 2536 1144 2593 moventur.

259 2631 339 2716 quin
365 2631 464 2696 etiam
490 2631 610 2716 passim
634 2631 752 2696 nostris
774 2631 809 2695 in
833 2631 978 2696 versibus
1001 2632 1079 2716 ipsis

260 2736 364 2801 multa
388 2735 550 2801 elementa
573 2735 663 2800 vides
687 2735 800 2801 multis
824 2737 1009 2802 communia
1032 2736 1145 2811 verbis,

259 2860 334 2903 cum
359 2847 471 2904 tamen
496 2840 582 2905 inter
607 2863 641 2906 se
667 2862 779 2906 versus
805 2864 843 2906 ac
865 2841 964 2906 verba
986 2849 1146 2906 necessest

259 2941 431 3006 confiteare
455 2951 489 3009 et
514 2965 548 3007 re
575 2952 610 3008 et
633 2943 741 3008 sonitu
767 2944 886 3009 distare
910 2943 1044 3009 sonanti.

259 3053 390 3110 tantum
413 3045 575 3112 elementa
598 3057 724 3133 queunt
748 3058 933 3134 permutato
957 3049 1067 3113 ordine
1091 3049 1176 3126 solo;

260 3157 296 3214 at
320 3171 429 3214 rerum
453 3173 537 3235 quae
561 3160 639 3215 sunt
662 3152 846 3237 primordia,
868 3153 963 3237 plura
985 3151 1139 3216 adhibere

258 3260 392 3337 possunt
415 3252 500 3318 unde
523 3263 645 3339 queant
667 3255 774 3319 variae
796 3277 846 3320 res
869 3277 1017 3340 quaeque
1039 3256 1150 3321 creari.

303 3356 401 3421 Nunc
423 3364 457 3420 et
478 3357 689 3444 Anaxagorae
712 3366 893 3423 scrutemur
913 3358 1174 3423 homoeomerian
1314 3363 1381 3442 830

173 3558 253 3608 Prisc.
273 3558 313 3607 for
329 3565 354 3607 et
371 3557 399 3607 ol
416 3571 494 3606 mss:
518 3557 572 3607 this
588 3558 687 3620 change
703 3559 732 3608 01¹
749 3574 764 3608 a
781 3559 865 3617 letter,
882 3572 912 3608 as
927 3558 1005 3606 Bern.
1021 3557 1071 3607 has
1088 3572 1156 3616 seen,
1174 3557 1244 3619 gives
1261 3561 1384 3611 eatena

173 3643 201 3689 to
217 3639 262 3690 the
277 3637 416 3703 preceding
432 3640 551 3688 sentence
568 3639 620 3689 and
636 3640 788 3702 completely
803 3642 914 3688 restores
929 3638 974 3688 the
990 3638 1042 3687 fine
1058 3652 1175 3702 passage,
1195 3638 1280 3690 which
1298 3640 1381 3693 Lech.

172 3720 322 3785 deplorably
338 3719 474 3781 disfigures
490 3719 524 3782 by
540 3721 704 3783 transposing
721 3722 769 3771 806
785 3720 838 3771 and
853 3722 901 3772 807
918 3720 971 3770 and
986 3720 1115 3782 ohsnging
1131 3724 1235 3771 arbusto
1253 3723 1310 3774 into
1329 3742 1382 3776 am-

173 3806 254 3861 busta,
271 3816 301 3853 as
316 3802 340 3851 if
354 3803 412 3852 rain
428 3803 545 3854 forsooth
561 3805 638 3854 could
653 3805 704 3855 like
721 3806 802 3854 ‘trost
818 3805 931 3867 perform
947 3802 991 3853 the
1002 3803 1075 3853 effect
1086 3803 1115 3851 of
1125 3804 1192 3854 fire’.
1225 3805 1318 3856 Lamb.
1329 3808 1385 3859 and

173 3887 226 3938 Gir.
243 3885 284 3936 ed.
305 3886 319 3933 1
340 3889 530 3948 et...vccillaat‚
551 3888 596 3938 the
614 3888 723 3950 vulgate.
759 3887 812 3936 Gis.
829 3886 869 3936 ed.
887 3887 902 3934 2
917 3886 995 3949 keeps
1011 3888 1188 3935 el...vacilleat
1204 3887 1233 3936 ol
1247 3903 1310 3940 mss.
1330 3892 1384 3941 and

173 3983 233 4032 says
251 3971 290 4030 ‘q.
308 3982 331 4019 v.
352 3967 452 4018 Marulk
474 3973 500 4018 et
516 3969 584 4031 vulg.
596 3972 726 4034 scallam,
746 3984 771 4031 q.
788 3984 812 4021 v.
831 3970 965 4025 occillaret,
982 3967 1072 4016 mele’.
1105 3968 1168 4016 Now
1184 3967 1243 4017 ΑΜ.
1261 3970 1275 4017 1
1293 3969 1343 4020 hes
1360 3981 1385 4022 ct

174 4052 400 4114 tobes...socillaat.
444 4050 503 4100 Ver.
535 4052 599 4100 Ven.
627 4050 690 4101 read
716 4059 741 4100 et
770 4050 977 4113 tale...sacillent‚
1007 4047 1113 4097 whence
1140 4063 1226 4098 comes
1249 4052 1385 4114 sacillum.

173 4133 300 4182 Marullus
318 4130 347 4180 in
364 4131 420 4181 cod.
440 4131 536 4182 Victor.
556 4133 644 4182 makes
663 4148 697 4181 no
717 4132 823 4192 change.
965 4129 1013 4178 814
1031 4131 1111 4178 mullo
1129 4132 1208 4179 modis
1227 4131 1319 4186 Lamb.
1343 4135 1385 4186 for

172 4217 334 4266 multimodis.
465 4216 514 4265 eal
530 4219 611 4265 verbis
628 4216 697 4265 Flos.
713 4216 744 4265 31
760 4213 851 4264 (lamb.
866 4212 926 4262 Vat.
941 4211 1019 4261 Pont.
1035 4209 1102 4260 Mar.
1114 4213 1163 4260 etc.
1181 4212 1222 4261 for
1234 4215 1321 4266 bellis:
1341 4233 1385 4268 see

173 4297 252 4350 Lech.
365 4296 413 4345 830
432 4304 463 4347 et.
500 4305 528 4346 vul
547 4297 642 4348 Lach:
669 4297 697 4346 in
717 4295 767 4346 five
1027 4289 1141 4355 changes
1160 4303 1192 4356 et,
1213 4297 1267 4346 and
1285 4297 1315 4348 in
1333 4303 1386 4353 two
