2842 4860
105 246 168 323 246
692 243 723 306 V

191 432 266 474 cum
288 407 471 474 doctoribus
492 407 624 473 armatis
646 407 813 493 saevisque
835 407 998 495 magistris
1108 393 1111 400 ¹

190 513 246 600 qui
268 512 460 576 moderarier
481 511 532 576 his
554 519 684 598 possent
706 510 882 596 vinclisque
905 517 1025 590 tenere,

190 616 396 702 nequiquam,
418 615 570 701 quoniam
592 614 753 701 permixta
774 613 871 679 caede
893 615 1034 679 calentes

191 722 367 787 turbabant
389 721 476 786 saevi
498 721 588 785 nullo
610 719 793 786 discrimine
816 726 947 797 turmas,

190 825 343 890 terrificas
365 825 509 910 capitum
532 825 715 910 quatientes
737 823 881 909 undique
903 823 1023 900 cristas,

134 992 139 1002 ,
190 953 249 996 nec
271 937 421 1016 poterant
443 929 569 1015 equites
591 929 723 994 fremitu
744 929 917 1014 perterrita
938 951 1093 1014 equorum

191 1041 320 1118 pectora
341 1033 481 1097 mulcere
504 1040 537 1096 et
560 1031 657 1098 frenis
680 1039 864 1096 convertere
886 1031 921 1096 in
943 1031 1052 1096 hostis.

189 1136 324 1200 inritata
345 1137 414 1200 leae
436 1135 598 1200 iaciebant
620 1157 750 1220 corpora
771 1136 856 1199 saltu

191 1239 334 1325 undique
357 1246 392 1302 et
414 1238 584 1303 adversum
605 1237 812 1302 venientibus
835 1260 891 1303 ora
911 1238 1069 1324 petebant

191 1351 226 1408 et
246 1365 306 1407 nec
328 1342 490 1428 opinantis
513 1365 533 1406 a
554 1349 645 1429 tergo
668 1341 872 1426 deripiebant

191 1446 409 1531 deplexaeque
432 1444 553 1509 dabant
575 1445 610 1510 in
632 1453 751 1511 terram
773 1446 902 1510 volnere
924 1446 1033 1524 victos,

190 1551 348 1615 morsibus
369 1550 493 1615 adfixae
515 1549 629 1615 validis
651 1559 749 1636 atque
772 1551 936 1638 unguibus
957 1551 1055 1616 uncis.

190 1655 418 1740 iactabantque
440 1677 514 1719 suos
536 1654 622 1719 tauri
643 1654 844 1741 pedibusque
866 1654 1016 1720 terebant

191 1767 224 1823 et
246 1760 348 1823 latera
369 1781 406 1822 ac
428 1765 557 1822 ventres
579 1758 752 1823 hauribant
775 1767 887 1845 supter
908 1780 1063 1844 equorum

190 1862 337 1927 cornibus
360 1869 393 1926 et
416 1869 534 1926 terram
556 1861 723 1926 minitanti
745 1862 850 1926 fronte
872 1863 1017 1927 ruebant.

190 1977 224 2034 et
245 1967 359 2033 validis
381 1967 480 2032 socios
502 1967 679 2032 caedebant
701 1966 854 2032 dentibus
876 1967 946 2053 apri

189 2073 255 2137 tela
276 2072 412 2136 infracta
433 2094 491 2135 suo
513 2071 700 2159 tinguentes
709 2071 878 2158 'sanguine
900 2071 995 2148 saevi,

188 2176 223 2241 in
245 2199 279 2240 se
302 2177 403 2240 fracta
425 2198 482 2239 suo
505 2175 693 2262 tinguentes
716 2175 873 2262 sanguine
895 2175 970 2252 tela,

186 2279 425 2365 permixtasque
448 2278 570 2343 dabant
594 2278 742 2364 equitum
764 2278 976 2365 peditumque
999 2278 1115 2344 ruinas.
1162 2265 1165 2281 ¹

187 2405 263 2447 nam
284 2391 465 2448 transversa
487 2383 569 2446 feros
591 2383 724 2447 exibant
746 2382 853 2447 dentis
875 2382 1008 2447 adactus

186 2488 333 2552 iumenta
354 2495 412 2551 aut
434 2486 571 2572 pedibus
593 2495 706 2551 ventos
729 2495 836 2552 erecta
857 2487 1022 2572 petebant,

187 2591 394 2676 nequiquam,
415 2591 567 2676 quoniam
588 2591 630 2656 ab
652 2590 758 2658 nervis
780 2591 903 2656 succisa
924 2590 1048 2655 videres

188 2692 353 2758 concidere
375 2700 473 2778 atque
495 2694 587 2780 gravi
608 2702 728 2758 terram
751 2679 952 2760 consternere
975 2717 1057 2759 casu.

187 2796 294 2882 siquos
317 2803 393 2860 ante
415 2796 502 2861 domi
524 2796 661 2861 domitos
683 2798 761 2862 satis
784 2821 851 2862 esse
873 2798 1043 2883 putabant,
1141 2825 1146 2836 ·

188 2901 391 2965 effervescere
414 2902 588 2966 cernebant
610 2901 645 2966 in
666 2902 762 2967 rebus
784 2902 921 2990 agundis

189 3006 371 3071 volneribus
393 3007 530 3071 clamore
553 3008 630 3093 fuga
652 3014 772 3072 terrore
795 3008 950 3085 tumultu,

189 3133 248 3174 nec
270 3119 419 3196 poterant
442 3111 541 3175 ullam
563 3119 690 3196 partem
712 3111 885 3177 redducere
908 3135 1039 3192 eorum;

189 3215 381 3302 diffugiebat
404 3216 490 3280 enim
513 3216 638 3280 varium
660 3239 763 3303 genus
785 3239 879 3282 omne
901 3217 1060 3298 ferarum3

191 3327 228 3383 ut
250 3341 336 3383 nunc
358 3340 453 3404 saepe
475 3319 571 3384 boves
594 3320 685 3383 lucae
707 3319 789 3383 ferro
812 3322 896 3385 male
918 3327 1043 3386 mactae

189 3423 374 3510 diffugiunt,
396 3423 463 3489 fera
485 3423 570 3488 facta
591 3423 657 3487 suis
679 3446 753 3487 cum
775 3426 881 3489 multa
901 3419 1025 3490 dedere.
1228 3445 1312 3511 1340

103 3660 194 3711 Lamb.
207 3662 301 3712 Oreech
312 3662 387 3713 war.
399 3663 467 3725 vulg.
479 3662 564 3712 before
578 3662 658 3712 Lach.
830 3663 892 3711 1311
909 3665 1057 3714 doctoribus.
1091 3665 1239 3717 ductoribus
1249 3666 1309 3722 Ver.

103 3743 167 3794 Ven.
179 3745 245 3794 Mer.
256 3745 313 3794 Ald.
327 3746 340 3794 1
353 3746 426 3796 tunt.
439 3746 550 3808 Nauger.
561 3745 652 3795 Lamb.
664 3747 712 3795 etc.
844 3745 908 3795 1315
924 3745 1003 3795 Lech.
1019 3745 1111 3809 rejects
1127 3761 1157 3797 as
1173 3749 1312 3814 spurious3

102 3825 155 3875 and
165 3825 215 3875 Ed.
226 3827 255 3875 in
266 3826 305 3876 ed.
319 3828 341 3876 1.
441 3828 503 3878 1319
517 3831 635 3890 petebant
647 3828 705 3878 Vat.
718 3828 766 3878 640
778 3826 870 3878 Urbin.
883 3828 954 3877 Mon.
966 3828 1040 3878 tunt.
1053 3829 1093 3878 for
1104 3831 1237 3892 petebant.

136 3908 199 3959 1320
216 3910 372 3973 deripiebant
388 3910 411 3958 Α
426 3909 507 3960 nach.
541 3913 696 3974 diripiebant
711 3911 733 3959 B
751 3911 820 3961 Nice.
837 3910 907 3961 Flor.
925 3912 955 3960 31
973 3912 1062 3963 (lamb.
1080 3912 1151 3962 Mon.
1169 3914 1207 3964 all
1226 3915 1314 3970 before

101 3989 181 4038 Lech.
292 3991 353 4040 1323
371 4007 434 4040 euos,
468 4007 522 4040 sues
532 3992 590 4041 Ver.
602 3992 667 4041 Ven.
679 3993 776 4042 Avens.
787 3993 879 4043 Lamb.
892 3996 940 4043 etc.
1054 3996 1118 4046 1325
1130 3998 1218 4059 fronte
1229 4000 1311 4056 Lech,

102 4070 142 4119 for
158 4080 236 4121 mente
253 4071 337 4121 which
353 4071 401 4121 has
418 4087 453 4121 no
470 4074 599 4136 meaning.
634 4076 668 4123 ed
685 4083 821 4137 tetrumque
839 4078 949 4125 minanti
966 4085 1044 4127 meme
1061 4077 1127 4128 Mar.
1144 4079 1239 4132 hamb,
1257 4083 1312 4139 Gir.

103 4153 198 4202 Oreech
214 4156 261 4202 ete.
279 4152 332 4203 and
348 4153 402 4202 this
419 4153 549 4204 candidus
565 4155 698 4206 doubtless
714 4159 802 4207 meant
819 4160 847 4207 to
863 4157 931 4207 read.
1073 4160 1137 4213 1327
1155 4163 1221 4214 1328
1238 4166 1311 4223 Mon.

104 4236 177 4284 tunt,
189 4233 268 4284 Lech.
281 4235 333 4284 and
347 4235 397 4285 Ed.
409 4235 437 4284 in
454 4237 530 4286 small
545 4236 585 4287 ed.
597 4238 662 4287 omit
679 4238 724 4288 the
741 4239 849 4299 second;
869 4240 960 4291 Lamb.
972 4240 1040 4291 cdl
1057 4242 1167 4296 obelises
1183 4246 1231 4300 the
1246 4250 1312 4315 first,

104 4316 144 4366 ed.
157 4319 172 4366 2
184 4316 236 4366 and
247 4319 262 4366 3
273 4316 349 4366 both:
367 4317 414 4367 but
426 4333 468 4368 see
479 4322 554 4369 notes
566 4321 589 4369 2.
722 4320 786 4371 1330
802 4323 882 4371 dentis
896 4323 1001 4372 adactus
1015 4324 1080 4374 Mar.
1093 4325 1168 4378 tunt.
1178 4327 1223 4379 for
1233 4317 1317 4385 &netu

104 4400 227 4448 adorietur
237 4397 268 4457 B,
280 4401 394 4449 deu-tibus
405 4400 526 4449 adauctus
542 4401 564 4448 A
576 4400 645 4452 Nice.
659 4401 748 4455 camb.
783 4404 896 4456 dentibus
907 4405 972 4456 ictus
984 4404 1096 4460 Politian
1106 4405 1136 4459 in
1146 4422 1232 4479 marg.
1243 4411 1313 4470 Ποῖ,
