2842 4860
737 230 786 294 IV

247 395 346 459 efficit
367 403 406 459 ut
428 394 651 466 videamuset
672 393 893 466 internoscere,
910 405 1020 477 curat;
1080 456 1085 469 ,
1176 456 1181 468 ,
1273 457 1278 469 ,

246 521 322 561 nam
344 521 418 562 cum
440 497 594 574 mittitur,
616 497 779 582 extemplo
800 498 963 582 protrudit
985 500 1118 587 agitque

248 627 323 668 aera
343 603 400 690 qui
420 604 508 669 inter
529 626 563 668 se
585 625 723 689 cumque
746 610 796 667 est
818 604 988 690 oculosque
1010 605 1142 683 locatus

247 707 337 793 isque
359 708 408 772 ita
429 731 487 794 per
507 716 632 772 nostras
654 707 738 772 acies
759 708 939 793 perlabitur
960 710 1064 774 omnis

248 821 282 876 et
303 813 395 898 quasi
416 821 581 899 perterget
604 811 743 897 pupillas
765 821 864 897 atque
885 813 935 877 ita
956 814 1080 880 transit.

162 929 220 996 251
247 923 418 1001 propterea
439 916 478 980 fit
499 916 551 979 uti
573 915 739 980 videamus
761 938 859 1001 quam
882 918 992 1002 procul
1014 918 1100 982 absit

162 1039 179 1085 2
185 1036 226 1103 50
247 1044 297 1086 166
320 1043 474 1106 quaeque.
497 1028 532 1084 et
554 1027 676 1105 quanto
697 1019 771 1104 plus
792 1019 875 1084 aeris
896 1028 973 1085 ante
995 1021 1141 1108 agitatur

247 1134 281 1189 et
302 1132 427 1188 nostros
448 1124 555 1187 oculos
576 1132 742 1210 perterget
764 1124 888 1211 longior
908 1147 995 1201 aura,

247 1236 315 1291 tam
337 1226 448 1311 procul
470 1248 538 1290 esse
560 1225 664 1312 magis
686 1248 736 1290 res
759 1249 904 1312 quaeque
927 1237 1052 1292 remota
1073 1228 1210 1294 videtur.

162 1349 165 1357 ·
246 1329 368 1394 scilicet
389 1329 469 1393 haec
491 1351 615 1393 summe
638 1329 734 1393 celeri
756 1329 879 1394 ratione
901 1341 1067 1417 geruntur,

246 1435 340 1520 quale
363 1433 406 1497 sit
427 1441 466 1497 ut
488 1433 654 1497 videamus
676 1443 710 1498 et
732 1456 798 1497 una
819 1457 916 1519 quam
938 1436 1048 1520 procul
1070 1434 1163 1500 absit.

246 1538 328 1602 illud
349 1537 383 1600 in
406 1537 456 1601 his
478 1538 573 1601 rebus
595 1537 729 1602 minime
751 1536 898 1603 mirabile
920 1538 1146 1617 habendumst,

246 1664 311 1718 cur,
333 1664 372 1705 ea
394 1663 476 1726 quae
499 1640 615 1704 feriant
638 1641 744 1705 oculos
766 1640 936 1706 simulacra
957 1641 1060 1707 videri

246 1745 374 1832 singula
395 1768 469 1809 cum
492 1753 664 1830 nequeant,
686 1768 737 1810 res
758 1745 846 1831 ipsae
868 1747 1110 1832 perspiciantur.

246 1859 362 1914 ventus
384 1849 472 1933 enim
494 1871 621 1934 quoque
643 1849 802 1934 paulatim
825 1872 899 1913 cum
921 1852 1069 1915 verberat
1091 1858 1125 1916 et
1147 1873 1221 1915 cum

160 1960 218 2021 261
245 1979 317 2020 6616
338 1953 413 2018 fluit
435 1953 545 2040 frigus,
567 1977 631 2017 non
653 1953 778 2039 privam
801 1976 961 2039 quamque
984 1955 1124 2020 solemus

159 2063 224 2125 260
245 2057 436 2144 particulam
459 2056 550 2121 venti
571 2056 690 2122 sentire
714 2065 748 2120 et
770 2056 896 2143 frigoris
917 2056 996 2134 61116,

244 2163 301 2229 6611
322 2160 426 2249 magis
447 2184 610 2238 unorsum,
632 2161 764 2246 fierique
787 2162 920 2247 perinde
943 2162 1090 2227 videmus

244 2288 372 2352 corpore
395 2270 475 2328 tum
490 2266 601 2352 plagas
622 2264 658 2328 in
679 2274 787 2329 nostro
809 2273 976 2351 tamquam
998 2267 1125 2352 aliquae
1147 2290 1198 2332 res

161 2393 165 2399 ·
244 2371 391 2436 verberet
413 2378 511 2456 atque
534 2369 584 2434 sui
606 2370 662 2434 det
685 2393 814 2434 sensum
836 2371 974 2457 corporis
996 2380 1094 2436 extra

244 2482 411 2561 praeterea
433 2473 573 2558 lapidem
596 2472 698 2559 digito
720 2496 794 2537 cum
816 2473 993 2551 tundimus,
1015 2473 1122 2560 ipsum

245 2579 410 2666 tangimus
432 2586 614 2642 extremum
636 2577 705 2641 saxi
726 2599 953 2662 summumque
976 2579 1122 2656 colorem,

245 2707 305 2748 nec
327 2681 484 2747 sentimus
506 2704 582 2745 eum
604 2690 704 2759 tactu,
727 2704 839 2745 verum
862 2681 965 2768 magis
986 2682 1090 2768 ipsam

246 2785 399 2851 duritiem
421 2783 552 2869 penitus
574 2782 643 2848 saxi
665 2783 822 2848 sentimus
843 2783 879 2847 in
900 2784 975 2849 alto.

289 2889 387 2953 Nunc
409 2910 478 2975 age,
500 2911 557 2952 cur
578 2888 664 2952 ultra
686 2889 853 2974 speculum
875 2888 1025 2953 videatur
1046 2889 1153 2977 imago

244 2993 390 3079 percipe;
419 3015 495 3056 nam
517 2999 603 3056 certe
626 2992 756 3077 penitus
778 3001 902 3057 semota
923 2993 1058 3057 videtur.
1301 3011 1366 3078 270

246 3098 332 3183 quod
353 3120 456 3184 genus
477 3096 534 3160 illa
555 3095 630 3160 foris
652 3119 735 3182 quae
757 3120 831 3162 vere
855 3097 1118 3183 transpiciuntur,

245 3200 343 3264 ianua
364 3222 438 3264 cum
460 3222 573 3285 perse
596 3207 818 3284 transpectum
840 3199 974 3285 praebet
996 3208 1155 3285 apertum,

246 3305 351 3369 multa
372 3304 512 3390 facitque
535 3303 610 3368 foris
632 3326 672 3368 611
694 3303 831 3368 aedibus
849 3311 888 3367 ut
910 3303 1107 3388 videantur.-

155 3488 158 3492 ,
245 3408 273 3471 16
295 3430 421 3493 1111611116
444 3407 531 3472 enim
554 3408 675 3493 duplici
696 3407 889 3494 geminoque
911 3408 951 3471 fit
973 3430 1045 3472 6616
1068 3406 1161 3471 visus.

159 3544 200 3593 161
217 3546 311 3595 11611116.
425 3545 471 3593 245
488 3552 570 3596 curat.
605 3547 672 3607 cogit
688 3543 768 3595 Lach.
787 3544 903 3603 because,
922 3543 986 3594 with
1003 3552 1085 3602 curat,
1100 3546 1266 3595 interrwacere
1281 3545 1368 3595 would

160 3625 238 3675 stand
246 3625 279 3674 he
287 3639 345 3687 says
354 3625 394 3674 161
405 3640 440 3674 66
449 3625 601 3684 accusative,
615 3624 668 3674 and
677 3624 706 3673 in
717 3624 775 3675 that
783 3639 841 3674 case
852 3625 928 3673 Lucr.
940 3623 1025 3672 would
1033 3623 1108 3673 make
1118 3624 1140 3673 it
1148 3638 1244 3686 govern
1255 3625 1368 3676 another

160 3707 312 3768 accusative,
324 3706 427 3768 though
441 3707 474 3755 116
485 3707 574 3773 6116116
584 3706 644 3756 that
655 3706 760 3755 Ennius
771 3706 833 3756 does
843 3710 891 3756 not
902 3705 1006 3754 observa
1017 3705 1082 3755 such
1093 3705 1178 3768 61611,
1192 3720 1221 3755 66
1233 3705 1261 3755 16
1274 3710 1367 3758 audere

159 3786 840 3851 16116661166616611161161-161611611111611116116111
865 3801 907 3836 see
929 3790 1005 3836 notes
1027 3789 1051 3835 2.
1167 3786 1215 3837 246
1233 3792 1368 3850 protmdit

159 3869 251 3920 hamb.
263 3869 303 3918 for
314 3871 445 3933 protudit:
463 3884 492 3918 6ο
503 3871 552 3918 280
561 3870 682 3932 procudit
693 3869 763 3918 Flor.
775 3871 807 3918 31
819 3868 909 3918 camb.
924 3870 973 3918 eto.
1006 3868 1076 3917 Flor.
1090 3870 1120 3920 29
1132 3869 1207 3918 reads
1219 3869 1283 3920 with
1294 3871 1366 3924 Nico.

155 3973 282 4035 protulit:
298 3968 412 4020 Politian
429 3967 457 4017 in
475 3983 556 4032 marg.
573 3969 622 4019 has
635 3942 765 4033 proludia
782 3970 811 4017 in
828 3971 875 4020 187
887 3968 920 4018 he
930 3973 1011 4018 wrote
1023 3976 1054 4019 tr.
1068 3983 1128 4018 6161
1139 3967 1184 4019 the
1200 3986 1214 4020 c
1229 3970 1366 4023 6166111111-

159 4063 208 4107 tur.
326 4054 375 4102 250
394 4052 446 4102 and
462 4053 518 4110 261,
535 4053 583 4101 260
599 4053 652 4102 and
667 4053 730 4102 261:
749 4053 815 4101 Mar.
827 4052 885 4102 Ald.
898 4051 1230 4104 monstraturum
1240 4071 1325 4106 verses
1337 4057 1366 4107 in

159 4136 227 4186 their
234 4133 304 4197 right
315 4133 397 4183 order.
503 4135 552 4183 260
559 4136 663 4197 privam
674 4133 726 4183 Gis.
739 4134 779 4183 for
788 4135 912 4196 1111166611
930 4139 976 4182 ‘ex
987 4147 1012 4181 v.
1024 4133 1058 4183 c.’
1068 4133 1102 4182 he
1114 4149 1182 4196 says.
1317 4139 1366 4190 267

159 4223 240 4283 ipram
256 4217 326 4268 Nico.
343 4218 366 4266 B
383 4231 448 4266 corr.
466 4217 506 4266 for
522 4219 588 4280 ipra.
719 4218 878 4269 1111661616
894 4217 959 4268 Mar.
978 4216 1320 4271 1111.1111111.1611661616;
1338 4237 1367 4271 so

159 4300 215 4351 288.
251 4306 368 4349 remmota
379 4299 410 4359 B,
424 4297 507 4348 which
518 4313 579 4362 may
590 4298 622 4348 be
633 4297 711 4361 right.
827 4298 874 4349 271
886 4296 938 4347 and
950 4298 998 4349 278
1010 4312 1074 4359 quoe
1086 4313 1143 4347 vere
1155 4303 1365 4361 transpiciuatur.

158 4380 237 4432 Lach.
251 4380 384 4442 possessed
392 4381 426 4443 by
436 4379 478 4429 his
489 4379 581 4443 theory
592 4380 621 4429 61
629 4381 696 4442 quod
706 4395 783 4442 genus
797 4377 846 4443 (see
858 4394 879 4428 11
893 4379 949 4438 194)
962 4377 1071 4426 without
1083 4392 1135 4442 any
1146 4378 1281 4444 authority
1291 4382 1367 4434 reads
