2842 4860
730 224 780 291 VI

181 377 186 386 ⁵
237 388 402 476 exagitata
424 389 507 452 foras
529 387 710 473 erumpitur
732 395 767 450 et
788 386 885 451 simul
907 386 1008 451 altam

237 493 408 558 diffindens
430 500 549 557 terram
571 515 726 579 magnum
750 491 920 556 concinnat
942 490 1077 555 hiatum.

237 596 272 660 in
295 596 388 683 Syria
410 595 530 662 Sidone
556 594 643 681 quod
664 593 781 659 accidit
803 602 838 659 et
860 594 924 659 fuit
945 593 1031 681 Aegi

237 699 272 762 in
294 699 522 784 Peloponneso,
544 716 624 784 quas
647 697 754 762 exitus
776 697 828 762 hic
850 696 971 763 animai

237 803 399 868 disturbat
421 803 517 868 urbes
539 811 573 866 et
595 810 699 867 terrae
723 810 831 867 motus
853 802 991 866 obortus.

237 907 405 992 multaque
428 913 594 992 praeterea
616 904 803 970 ceciderunt
824 904 954 969 moenia
975 903 1101 992 magnis

237 1011 380 1076 motibus
402 1010 437 1074 in
459 1009 552 1074 terris
575 1017 609 1074 et
630 1011 755 1074 multae
777 1032 836 1095 per
856 1032 945 1074 mare
971 1031 1101 1095 pessum

238 1115 410 1179 subsedere
432 1114 499 1178 suis
521 1114 643 1200 pariter
664 1137 739 1179 cum
762 1114 886 1179 civibus
909 1113 1013 1179 urbes.

239 1218 325 1303 quod
347 1216 410 1281 nisi
432 1217 622 1303 prorumpit,
644 1225 756 1282 tamen
778 1217 922 1303 impetus
944 1217 1013 1304 ipse
1033 1215 1154 1282 animai

240 1330 275 1387 et
297 1324 365 1387 fera
386 1323 435 1387 vis
457 1322 548 1387 venti
570 1346 627 1409 per
649 1323 760 1387 crebra
782 1322 939 1387 foramina
960 1330 1065 1387 terrae

240 1426 430 1512 dispertitur
452 1434 490 1491 ut
512 1428 622 1491 horror
643 1435 677 1492 et
699 1427 819 1492 incutit
841 1427 918 1492 inde
940 1434 1133 1506 tremorem;

240 1531 341 1619 frigus
363 1531 414 1595 uti
439 1539 563 1596 nostros
584 1531 717 1618 penitus
739 1555 814 1596 cum
836 1531 927 1596 venit
949 1531 984 1596 in
1005 1539 1103 1610 artae,

240 1635 384 1700 concutit
406 1635 526 1700 invitos
548 1659 665 1723 cogens
687 1643 825 1701 tremere
848 1642 946 1722 atque
972 1657 1107 1700 movere.

240 1738 375 1825 ancipiti
397 1739 562 1825 trepidant
584 1739 686 1826 igitur
708 1747 828 1804 terrore
850 1762 909 1825 per
929 1739 1028 1818 urbis,

241 1852 328 1909 tecta
349 1865 486 1928 superne
509 1842 637 1920 timent,
660 1850 815 1908 metuunt
837 1843 962 1908 inferne
984 1866 1136 1908 cavernas

243 1948 342 2013 terrai
364 1971 404 2012 ne
427 1947 582 2012 dissoluat
608 1955 727 2012 natura
748 1955 891 2033 repente,

243 2074 307 2116 neu
330 2051 485 2116 distracta
506 2039 603 2115 suum
625 2051 690 2116 late
714 2049 887 2136 dispandat
908 2050 1036 2116 hiatum

242 2154 347 2240 adque
370 2154 436 2218 suis
459 2155 590 2218 confusa
611 2153 691 2218 velit
713 2154 873 2240 complere
896 2153 1005 2220 ruinis.

244 2258 377 2345 proinde
400 2258 476 2322 lieet
499 2258 646 2343 quamvis
668 2259 793 2322 caelum
816 2266 999 2344 terramque
1022 2267 1154 2324 reantur

243 2362 429 2447 incorrupta
451 2363 516 2425 fore
538 2369 689 2426 aeternae
712 2362 867 2427 mandata
889 2363 1009 2443 saluti;

245 2475 279 2532 et
301 2474 412 2530 tamen
433 2465 598 2530 interdurn
620 2488 770 2551 praesens
792 2466 841 2530 vis
863 2466 934 2552 ipsa
957 2465 1070 2552 pericli

246 2569 356 2634 subdit
379 2575 413 2633 et
435 2568 521 2632 hunc
543 2567 713 2632 stimulum
736 2568 875 2654 quadam
898 2569 938 2634 de
961 2578 1053 2656 parte
1075 2569 1209 2649 timoris,

246 2696 287 2738 ne
309 2672 446 2759 pedibus
467 2672 587 2758 raptim
609 2673 707 2738 tellus
729 2674 895 2739 subtracta
917 2676 1039 2740 feratur

246 2777 283 2842 in
303 2777 492 2842 barathrum
514 2800 686 2863 rerumque
709 2786 865 2864 sequatur
885 2778 1014 2865 prodita
1035 2802 1162 2844 summa

248 2883 395 2948 funditus
417 2891 452 2948 et
472 2882 531 2948 fiat
553 2882 668 2948 mundi
690 2885 822 2950 confusa
843 2885 944 2950 ruina.

293 2986 467 3073 [Principio
490 3009 577 3052 mare
599 2988 760 3053 mirantur
781 3011 846 3053 non
868 2987 1000 3053 reddere
1022 2988 1127 3054 maius

248 3100 407 3170 naturam,
430 3115 494 3178 quo
516 3092 560 3156 sit
582 3099 694 3157 tantus
717 3092 869 3158 decursus
890 3115 1056 3179 aquarum,

249 3197 357 3262 omnia
379 3220 442 3282 quo
464 3196 597 3262 veniant
619 3220 659 3261 ex
682 3197 771 3261 omni
792 3197 929 3261 flumina
950 3205 1049 3283 parte.

249 3303 332 3367 adde
354 3325 452 3389 vagos
473 3302 585 3366 imbris
608 3309 884 3387 tempestatesque
906 3302 1060 3379 volantes,

250 3405 359 3471 omnia
380 3425 462 3492 quae
485 3407 587 3471 maria
608 3429 646 3472 ac
667 3413 769 3471 terras
791 3414 1013 3493 sparguntque
1035 3406 1226 3494 rigantque3

249 3510 332 3576 adde
354 3533 428 3575 suos
449 3511 564 3590 fontis3
592 3519 703 3576 tamen
724 3511 767 3576 ad
788 3510 886 3576 maris
908 3510 1017 3576 omnia
1037 3532 1197 3576 summam

163 3731 259 3778 cannot
275 3727 307 3777 be
324 3725 388 3777 used
403 3725 432 3777 in
449 3725 494 3777 the
511 3741 582 3777 same
598 3742 672 3778 sense
689 3742 718 3778 ss
734 3728 780 3779 the
795 3728 863 3791 plur.
995 3731 1043 3780 582
1059 3745 1105 3792 que
1119 3727 1203 3779 added
1214 3728 1248 3791 by
1258 3728 1330 3779 Flor.
1341 3729 1371 3778 31

163 3810 341 3864 CambPont.
354 3804 402 3859 etc.
534 3809 581 3858 585
599 3811 687 3875 Syria.
722 3813 804 3877 Tyria
820 3811 911 3863 Lamb.
926 3815 975 3862 etc.
986 3810 1096 3861 without
1106 3826 1191 3860 cause.
1325 3812 1373 3861 586

163 3910 226 3958 quas
237 3894 334 3943 Avano.
347 3893 456 3957 ferque.
556 3895 604 3943 588
618 3895 762 3944 ceciderunt
773 3894 845 3944 Mon.
857 3895 915 3945 Ver.
928 3895 992 3947 Ven.
1006 3896 1046 3944 for
1057 3896 1186 3945 occideret.
1222 3895 1335 3944 cecidere
1349 3901 1374 3944 et

163 3975 232 4023 Flor.
244 3974 275 4022 31
288 3973 377 4023 Osmb.
487 3973 535 4024 589
550 3988 647 4036 pessum
658 3973 729 4024 Nico.
740 3975 763 4023 B
775 3990 840 4026 corr.
854 3976 894 4025 for
905 3991 1014 4039 possum.
1126 3975 1174 4025 600
1189 3977 1278 4039 adque
1289 3973 1371 4028 Lech.

163 4057 302 4120 forldque.
336 4058 423 4120 Imque
434 4055 621 4108 Lambinthe
632 4056 763 4107 additions
775 4062 802 4108 to
811 4057 850 4109 ed.
860 4061 883 4110 3.
951 4058 1000 4108 604
1012 4059 1105 4107 Subdu
1116 4065 1141 4107 et
1154 4057 1333 4107 huncAFlor.
1341 4058 1372 4106 31

164 4140 253 4190 (lamb.
269 4143 317 4189 etc.
352 4141 461 4190 Subdita
477 4143 584 4191 ct-hunc
600 4140 646 4189 BA
662 4156 727 4192 corr.
747 4141 817 4191 Nico.
852 4143 945 4192 subdit
961 4143 1038 4190 athas
1055 4139 1135 4189 Lech.
1169 4142 1291 4190 Subditat
1310 4143 1375 4190 hanc

88 4222 91 4231 '
164 4222 478 4273 Mer.Junt.Lamb.etc.
589 4223 636 4273 605
648 4225 778 4273 subtracta
790 4223 860 4274 Nice.
873 4224 913 4273 for
923 4226 1074 4274 substructa.
1188 4222 1375 4274 tos-tasas

163 4305 259 4368 proved
269 4305 303 4367 by
314 4304 394 4355 Lech.
403 4307 431 4355 to
443 4303 474 4354 be
483 4303 553 4366 quite
565 4304 743 4355 uneonnseted
754 4305 818 4356 with
827 4305 897 4356 what
907 4304 1027 4368 precedes
1038 4320 1068 4354 or
1079 4304 1186 4353 follows.
1220 4304 1286 4355 Mar.
1298 4305 1315 4355 J
1317 4309 1371 4357 unt.

164 4387 232 4448 vulg.
244 4387 325 4448 prefix
340 4387 393 4437 this
405 4401 475 4438 verse
491 4387 565 4437 Nunc
581 4388 650 4436 ratio
663 4387 792 4438 reddendo
807 4403 914 4450 ovpmen
928 4403 973 4437 cnr
984 4389 1081 4438 nesciat
1092 4401 1193 4449 aequor.
1328 4389 1376 4440 609
