2842 4860
765 246 796 310 V

263 412 404 501 pulveris
426 411 556 477 exhalat
579 410 731 476 nebulam
754 411 920 495 nubesque
943 407 1081 475 volantis

263 540 343 604 quas
365 516 464 581 validi
486 524 555 580 toto
577 515 768 600 dispergunt
791 536 863 578 aere
886 514 983 577 venti.

262 644 335 707 pars
358 621 457 684 etiam
480 619 648 705 glebarum
671 617 713 682 ad
734 617 890 681 diluviem
912 625 1080 682 revocatur

262 721 419 787 imbribus
442 728 475 784 et
497 721 583 805 ripas
605 720 753 784 radentia
774 720 910 784 flumina
931 719 1057 784 rodunt.

263 833 431 911 praeterea
452 846 510 909 pro
532 831 624 908 parte
647 846 713 900 sua,
737 823 960 908 quodcumque
983 824 1048 887 alid
1071 831 1179 909 auget,

263 928 429 1008 redditur3
459 935 492 992 et
515 927 667 1012 quoniam
690 926 789 991 dubio
811 928 921 1012 procul
944 950 1012 991 esse
1034 927 1165 991 videtur

264 1033 468 1118 omniparens
490 1031 603 1094 eadem
625 1052 733 1093 rerum
755 1053 924 1094 commune
947 1031 1138 1116 sepulcrum,

265 1159 340 1222 ergo
363 1143 449 1198 terra
470 1135 533 1198 tibi
554 1134 676 1197 libatur
698 1142 732 1197 et
754 1142 851 1198 aucta
872 1134 1027 1198 recrescit.

309 1238 404 1318 Quod
427 1244 580 1322 superest,
603 1259 714 1300 umore
736 1259 818 1300 novo
840 1258 928 1300 mare
950 1236 1086 1301 flumina
1108 1237 1213 1300 fontes

266 1362 392 1426 semper
413 1339 576 1403 abundare
599 1347 633 1403 et
655 1340 767 1403 latices
788 1361 919 1403 manare
941 1340 1090 1424 perennis

265 1446 312 1509 nil
335 1467 415 1530 opus
437 1452 486 1508 est
508 1444 632 1507 verbis:
662 1465 799 1528 magnus
820 1443 973 1506 decursus
995 1465 1151 1527 aquarum

265 1546 409 1631 undique
431 1545 580 1610 declarat.
612 1545 668 1609 sed
690 1546 832 1630 primum
855 1546 1008 1631 quicquid
1029 1545 1126 1631 aquai

266 1651 394 1715 tollitur
414 1650 449 1714 in
471 1672 660 1734 summaque
682 1650 721 1713 fit
743 1658 781 1713 ut
804 1650 850 1713 nil
872 1672 966 1713 umor
987 1649 1139 1725 abundet,

266 1754 386 1840 partim
409 1753 495 1839 quod
517 1753 616 1816 validi
637 1760 800 1816 verrentes
823 1774 961 1836 aequora
982 1751 1073 1815 venti

267 1856 455 1920 diminuunt
477 1855 639 1940 radiisque
661 1863 810 1919 retexens
832 1853 995 1919 aetherius
1017 1856 1072 1930 sol,

246 1970 250 1976 '
268 1961 387 2046 partim
410 1959 495 2045 quod
517 1967 630 2044 supter
650 1982 708 2044 per
730 1967 832 2022 terras
853 1959 977 2023 diditur
998 1959 1119 2040 omnis3

267 2064 450 2149 percolatur
471 2063 558 2127 enim
581 2063 669 2126 virus
690 2071 840 2147 retroque
862 2070 1009 2126 remanat

267 2167 418 2232 materies
440 2167 560 2230 umoris
582 2174 616 2230 et
639 2166 680 2230 ad
702 2173 800 2250 caput
823 2165 972 2229 amnibus
994 2165 1098 2230 omnis

268 2272 426 2349 convenit,
448 2272 523 2336 inde
546 2294 643 2356 super
663 2279 764 2335 terras
786 2271 860 2334 fluit
882 2271 1011 2357 agmine
1033 2271 1121 2336 dulci

269 2398 334 2461 qua
355 2377 408 2440 ria
430 2384 517 2440 secta
539 2376 638 2439 semel
660 2374 783 2461 liquido
804 2375 887 2459 pede
909 2372 1029 2438 detulit
1051 2374 1161 2440 undas.

312 2478 399 2542 Aera
419 2501 506 2542 nuno
528 2478 630 2564 igitur
651 2478 756 2542 dicam
779 2478 835 2563 qui
857 2501 986 2563 corpore
1009 2485 1078 2541 toto

270 2579 550 2646 innumerabiliter
571 2582 679 2667 privas
701 2589 849 2645 mutatur
869 2581 905 2645 in
926 2581 1026 2645 horas

270 2706 397 2769 semper
418 2685 514 2762 enirn,
537 2683 760 2770 quodcumque
783 2684 857 2748 fluit
879 2684 919 2749 de
941 2684 1045 2761 rebus,
1068 2684 1102 2749 id
1124 2708 1219 2750 omne

270 2786 352 2851 acris
374 2788 408 2851 in
430 2810 586 2873 magnum
609 2788 712 2851 fertur
733 2809 841 2866 mare;
870 2787 927 2872 qui
948 2787 1011 2850 nisi
1033 2795 1145 2850 contra

270 2914 400 2976 corpora
421 2891 580 2955 retribuat
602 2891 698 2954 rebus
719 2898 905 2975 recreetque
928 2890 1067 2966 fluentis,

271 2994 380 3058 omnia
401 2994 466 3059 iam
488 2995 630 3058 resoluta
651 2995 756 3058 forent
779 3002 813 3058 et
835 2993 871 3056 in
892 3016 967 3058 aera
988 3015 1086 3058 versa

270 3095 352 3160 haut
373 3097 475 3183 igitur
497 3105 599 3162 cessat
620 3097 713 3183 gigni
734 3097 775 3161 dc
797 3098 893 3161 rebus
915 3106 949 3160 et
971 3096 1006 3160 in
1027 3119 1078 3160 res

270 3201 436 3281 reccidere,
459 3202 591 3267 adsidue
614 3203 765 3288 quoniam
788 3202 887 3266 fluere
910 3200 1018 3265 omnia
1040 3209 1172 3267 constat.

315 3305 439 3390 Largus
460 3305 541 3368 item
564 3305 679 3390 liquidi
701 3305 771 3368 sons
793 3304 933 3380 luminis,
956 3302 1119 3369 aetherius
1141 3304 1196 3383 sol,

271 3407 392 3494 inrigat
414 3409 546 3473 adsidue
569 3410 694 3473 caelum
716 3409 852 3473 candore
874 3409 997 3472 recenti

272 3512 523 3598 suppeditatque
545 3535 627 3577 novo
649 3513 817 3577 confestim
839 3512 962 3576 lumine
984 3511 1102 3577 lumen

272 3636 348 3677 nam
369 3615 511 3699 primum
534 3615 686 3701 quicquid
709 3614 842 3701 fulgoris
863 3614 998 3701 disperit
1021 3615 1060 3694 ei,

273 3740 474 3803 quocumque
496 3718 620 3783 accidit.
658 3719 692 3782 id
714 3719 791 3783 licet
813 3716 888 3782 hinc
910 3740 1098 3804 cognoscere
1120 3716 1230 3804 possis,

273 3821 360 3907 quod
381 3820 477 3886 simul
499 3845 536 3886 ac
558 3821 700 3908 primum
721 3821 824 3885 nubes
847 3821 1015 3885 succedere
1038 3821 1097 3884 soli

274 3947 406 4010 coepere
429 3933 463 3989 et
484 3925 589 3989 radios
611 3925 697 3988 inter
718 3923 810 4009 quasi
832 3944 981 4008 rumpere
1004 3921 1092 3998 lucis,

274 4029 437 4114 extemplo
458 4028 589 4092 inferior
609 4050 683 4113 pars
704 4026 819 4091 horum
842 4025 977 4111 disperit
999 4025 1103 4089 omnis

187 4233 280 4283 Lamb.
297 4231 337 4281 ed.
355 4231 369 4279 1
387 4229 439 4280 and
455 4231 470 4278 2
487 4229 528 4278 for
544 4231 593 4278 alit
609 4226 721 4290 rightly3
739 4227 806 4277 ed.3
823 4226 857 4276 he
874 4228 986 4276 restores
1004 4228 1062 4277 alit.
1193 4227 1399 4283 assuescitur.

188 4318 298 4366 Raditur
315 4315 381 4364 Mur.
398 4314 471 4363 Junt.
489 4311 580 4362 Lamb.
593 4311 670 4374 vulgo
686 4311 772 4361 before
783 4311 859 4361 Wak.
984 4311 1032 4360 282
1048 4312 1142 4360 recenti
1157 4309 1180 4359 B
1197 4324 1262 4360 corr.
1277 4311 1351 4364 Flor.
1367 4315 1401 4366 ⁸1

189 4398 279 4449 Gumb.
298 4398 369 4448 Mon.
388 4396 428 4446 sor
443 4396 547 4458 repenti.
660 4394 709 4443 288
726 4394 832 4457 disperit
848 4391 920 4442 Nico.
940 4391 962 4441 B
980 4406 1046 4442 corr.
1065 4391 1105 4442 for
1124 4393 1240 4455 disperio.
1349 4396 1401 4451 m
