2842 4860
105 267 170 331 234
693 250 724 313 V

101 427 167 495 974
188 412 245 476 sed
267 412 360 476 taciti
385 414 612 498 respectabant
634 436 809 499 somnoque
832 414 961 499 sepulti,

101 517 168 597 976
189 515 268 579 dum
290 538 381 580 rosea
402 517 470 581 face
493 517 540 580 sol
562 516 696 580 inferret
718 517 843 580 lumina
865 517 962 581 caelo.
1006 587 1009 594 ,

188 642 209 684 a
229 620 336 705 parvis
359 621 444 706 quod
467 621 554 685 enim
576 629 767 685 consuerant
790 643 919 685 cernere
942 643 1068 706 semper

190 723 314 787 alterno
336 725 486 788 tenebras
508 733 542 788 et
565 717 671 788 lucem
693 731 838 809 ternpore
861 725 961 810 gigni,

190 850 256 891 non
278 836 347 890 erat
369 836 408 890 ut
430 827 500 891 fieri
522 835 629 912 posset
651 827 796 891 mirarier
817 850 973 913 umquam

191 953 251 994 nec
273 930 417 994 diffidere
439 952 481 993 ne
503 938 605 994 terras
627 937 760 994 aeterna
781 937 908 994 teneret

191 1057 254 1097 nox
277 1033 311 1097 in
333 1041 528 1118 perpetuum
551 1033 695 1097 detracto
718 1033 841 1096 lumine
864 1034 946 1104 solis.

192 1135 248 1199 sed
270 1136 374 1222 magis
395 1135 477 1199 illud
499 1143 569 1198 erat
592 1157 695 1212 curae,
718 1135 804 1220 quod
826 1136 930 1199 saecla
952 1137 1092 1200 ferarum

192 1239 343 1303 infestam
365 1239 489 1304 miseris
511 1240 672 1303 faciebant
694 1261 789 1324 saepe
813 1240 964 1325 quietem.

193 1343 352 1428 eiectique
374 1343 468 1407 domo
491 1344 660 1429 fugiebant
682 1366 779 1407 saxea
800 1351 889 1407 tecta

191 1448 368 1534 spumigeri
391 1448 457 1513 suis
479 1449 622 1512 adventu
644 1447 807 1533 validique
830 1448 930 1512 leonis

191 1561 290 1638 atque
312 1553 509 1638 intempesta
531 1553 688 1617 cedebant
710 1561 804 1617 nocte
827 1562 982 1638 paventes

192 1663 373 1748 hospitibus
396 1663 498 1727 saevis
520 1663 658 1727 instrata
680 1663 799 1727 cubilia
821 1664 939 1727 fronde.

236 1769 307 1832 Nec
329 1768 429 1831 nimio
451 1776 523 1831 tum
546 1768 619 1852 plus
642 1790 739 1853 quam
761 1791 847 1832 nunc
869 1768 1018 1833 mortalia
1039 1770 1144 1834 saecla

192 1869 300 1934 dulcia
321 1869 512 1955 linquebant
534 1869 672 1933 labentis
696 1869 821 1934 lumina
841 1869 935 1934 vitae.

192 1998 277 2039 unus
300 1974 387 2038 enim
409 1981 481 2037 tum
504 1973 639 2059 quisque
662 1973 765 2059 magis
787 1973 962 2058 deprensus
985 1997 1095 2038 eorum

193 2079 314 2165 pabula
335 2078 409 2142 viva
430 2079 504 2142 feris
527 2079 712 2162 praebebat,
734 2078 887 2142 dentibus
909 2079 1053 2156 haustus

193 2191 228 2246 ct
250 2206 381 2247 nemora
402 2183 580 2247 ac'montis
601 2183 727 2269 gemitu
750 2184 909 2270 silvasque
932 2185 1079 2270 replebat

194 2288 268 2352 viva
289 2288 401 2352 videns
423 2288 496 2351 vivo
518 2287 646 2373 sepeliri
668 2286 790 2351 viscera
811 2289 913 2353 busto.

192 2397 230 2453 ‘at
252 2412 331 2474 quos
354 2389 511 2476 effugium
534 2397 675 2453 servarat
698 2412 826 2474 corpore
848 2390 952 2468 adeso,

195 2493 354 2578 posterius
376 2493 530 2556 tremulas
552 2515 649 2577 super
670 2494 778 2556 ulcera
800 2502 906 2558 taetra
927 2502 1076 2559 tenentes

194 2598 318 2682 palmas
340 2596 501 2661 horriferis
523 2598 671 2662 accibant
693 2598 824 2662 vocibus
848 2599 976 2676 Orcum,

195 2702 334 2788 donique
358 2725 410 2766 eos
432 2703 501 2766 vita
522 2702 686 2787 privarant
709 2702 853 2766 vermina
874 2725 969 2766 saeva

196 2806 337 2891 expertis
360 2807 437 2892 opis,
459 2807 586 2893 ignaros
609 2806 687 2892 quid
709 2807 839 2869 volnera
860 2794 997 2870 vellent}

196 2919 231 2975 at
253 2933 318 2974 non
340 2911 445 2974 multa
466 2910 571 2973 virum
594 2910 654 2974 sub
676 2909 776 2995 signis
798 2910 889 2974 milia
910 2911 1010 2975 ducta

196 3039 262 3080 una
284 3015 352 3079 dies
374 3015 474 3079 dabat
496 3015 595 3079 exitio
617 3038 676 3079 nec
699 3014 830 3079 turbida
851 3016 943 3100 ponti

161 3181 163 3184 .
196 3143 335 3205 aequora
356 3120 513 3207 fligebant
534 3120 625 3184 navis
647 3121 689 3184 ad
710 3142 788 3183 saxa
810 3119 964 3205 virosque.

196 3222 249 3287 hic
271 3231 393 3288 temere
415 3224 575 3288 incassum
598 3225 717 3287 frustra
739 3246 829 3286 mare.
849 3246 944 3308 saepe
967 3235 1111 3291 coortum

196 3327 340 3392 saevibat
363 3328 540 3413 leviterque
563 3327 667 3391 minas
689 3328 831 3411 ponebat
852 3327 966 3406 inanis,

110 3580 199 3631 famed
209 3580 305 3643 exploit
317 3580 345 3629 01
354 3579 446 3629 Prince
457 3580 617 3642 Vortigern's
628 3579 770 3643 grandsire.
885 3583 934 3634 976
950 3599 1021 3633 rosea
1032 3584 1101 3633 Flor.
1114 3586 1145 3633 31
1158 3584 1230 3638 Brix.
1246 3588 1323 3640 Pont.

111 3664 176 3713 Mar.
191 3663 231 3712 for
241 3670 321 3712 rotca.
425 3664 473 3713 984
489 3665 624 3726 Eiectiquc
636 3665 705 3714 Flor.
718 3666 749 3714 31
762 3664 910 3717 Cambete.
925 3668 965 3715 for
975 3669 1108 3731 Electique
1119 3669 1150 3726 B,
1163 3671 1200 3718 Et
1213 3673 1323 3735 lectique

111 3744 215 3794 ANiec.
315 3745 363 3795 985
380 3746 519 3807 validique.
554 3747 667 3795 solidive
684 3746 775 3807 Lach.;
791 3746 839 3796 but
856 3762 939 3810 comp.
959 3750 1008 3800 987
1026 3751 1178 3813 Hospitibur
1193 3755 1279 3802 coevis
1295 3754 1324 3803 in

111 3828 178 3889 plur.
283 3829 332 3878 989
345 3830 453 3877 labentis
465 3829 583 3877 Muretus
594 3828 686 3877 Lamb.
698 3829 776 3880 Lech.
791 3830 832 3879 for
844 3832 967 3880 lomentis.
1074 3832 1123 3882 993
1134 3835 1193 3882 vivo
1204 3834 1277 3887 Flor.
1291 3836 1324 3885 91

112 3906 202 3956 (1011111.
214 3906 286 3956 Μο11.
298 3909 346 3956 ete.
358 3907 398 3956 for
408 3909 476 3958 cino.
577 3910 625 3959 995
636 3911 722 3958 ulcero
732 3910 802 3959 Flor.
813 3912 845 3958 31
857 3909 948 3959 Camb.
960 3910 1024 3962 Mar.
1039 3911 1080 3960 101
1090 3915 1194 3964 vicerat.
1224 3919 1325 3966 viscera

111 3989 134 4037 A
145 4003 208 4040 0011.
222 3988 293 4038 Nico.
306 3989 364 4040 Ver.
377 3988 442 4038 Ven.
530 3990 578 4040 997
589 3992 706 4053 Dom'que
717 3991 753 4038 10.
765 3991 838 4041 Voss.
851 3991 879 4040 in
890 4005 939 4039 1110.
952 3995 1035 4050 notes,
1046 3990 1127 4044 Lech.
1141 3993 1183 4043 101
1192 3997 1324 4060 Denique.

111 4072 256 4133 Deniquom
272 4070 362 4120 Heins.
380 4069 409 4118 in
425 4084 475 4119 ms,
492 4074 575 4121 notes.
618 4074 703 4121 Donec
721 4072 787 4121 Mar.
804 4073 878 4121 Junt.
911 4075 1037 4123 Dorticum
1053 4075 1144 4125 Lamb.
1258 4080 1324 4131 1001

106 4153 233 4216 fliyeboot
243 4151 325 4200 Lach.
337 4151 377 4201 101
389 4153 510 4202 lidebant·
539 4155 654 4203 ledebom
664 4153 688 4202 A
698 4169 764 4203 corr.
776 4154 864 4206 camb.
880 4154 950 4205 Mon.
963 4155 1021 4205 Ver.
1034 4156 1098 4206 Van.
1109 4160 1245 4212 laedebant
1251 4163 1322 4227 vulg.

113 4235 225 4282 lidebant
241 4247 301 4296 may
317 4234 349 4283 bc
365 4234 431 4283 from
448 4234 540 4286 Luca:
558 4250 600 4284 sec
616 4239 691 4284 notes
708 4238 731 4287 2.
866 4238 929 4285 1002
946 4239 999 4286 Hic
1015 4237 1096 4288 Lach.
1114 4240 1155 4289 101
1172 4243 1237 4295 Nec.
1273 4247 1327 4297 &a

61 4308 63 4310 ¹
112 4318 205 4369 hamb.
238 4316 294 4367 The
304 4320 357 4366 rest
368 4317 395 4366 of
406 4315 459 4366 this
470 4331 542 4367 verse
553 4317 576 4366 is
588 4317 659 4379 quite
669 4318 827 4381 causelessly
838 4318 937 4368 altered
947 4318 982 4382 by
992 4320 1057 4371 Mar.
1071 4320 1146 4374 tunt.
1160 4323 1256 4380 hamb.

146 4400 210 4449 1003
222 4399 331 4462 ponebat
343 4399 407 4449 Mar.
421 4397 479 4448 Ald.
493 4399 506 4446 l
519 4399 592 4450 Junt.
606 4398 646 4448 101
653 4399 763 4461 potebas.
794 4402 913 4464 poscebat
924 4399 993 4451 Flor.
1008 4402 1040 4450 31
1053 4401 1143 4453 Gamb.
1259 4407 1327 4461 10oe
