2842 4860
141 252 201 314 108
722 250 758 312 II

223 437 282 479 nec
304 414 412 478 minus
436 416 515 479 haec
537 415 683 480 animum
706 437 894 500 cognoscere
916 439 1009 503 posse
1031 439 1178 504 sagacem
1282 420 1348 497 840

224 538 321 600 quam
344 525 527 600 quaesunt
551 517 622 581 aliis
644 517 741 582 rebus
763 517 890 603 privata
913 527 1032 584 notare.

268 617 334 682 Sed
360 641 402 682 ne
426 619 508 684 forte
533 628 631 704 putes
654 621 721 685 solo
747 621 885 705 spoliata
910 623 1012 687 colore

224 743 354 806 corpora
379 721 485 806 prima
508 745 648 799 manere,
672 723 771 787 etiam
794 732 918 789 secreta
942 725 1064 810 teporis

224 834 301 889 sunt
327 848 363 889 ac
387 825 513 912 frigoris
537 827 667 891 omnino
692 828 852 913 calidique
875 830 1012 914 vaporis,

224 937 258 993 et
282 929 389 993 sonitu
414 930 525 994 sterila
550 938 584 995 et
610 953 685 995 suco
709 930 820 996 ieiuna
842 933 999 1011 feruntur,
1283 935 1345 1014 845

225 1052 282 1095 nec
312 1031 435 1095 iaciunt
458 1030 562 1095 ullum
587 1033 754 1117 proprium
781 1035 821 1098 de
847 1057 977 1119 corpore
1004 1035 1141 1099 odorem.

224 1133 307 1198 sicut
334 1134 508 1198 amaracini
532 1134 689 1199 blandum
715 1144 903 1221 stactaeque
925 1137 1083 1223 liquorem

224 1245 258 1302 et
283 1237 376 1302 nardi
401 1237 521 1314 florem,
547 1246 659 1302 nectar
685 1239 743 1324 qui
768 1240 900 1327 naribus
927 1241 1027 1319 halat,

224 1361 298 1405 cum
321 1341 424 1404 facere
448 1340 608 1416 instituas,
635 1363 708 1404 cum
735 1341 848 1426 primis
874 1365 1029 1427 quaerere
1054 1366 1114 1429 par
1136 1353 1220 1419 est,-
1265 1397 1271 1404 .

224 1443 330 1530 quoad
353 1443 429 1506 licet
453 1465 490 1506 ac
513 1443 615 1528 possis
639 1445 788 1530 reperire,
812 1445 964 1511 inolentis
990 1446 1067 1510 olivi
1283 1450 1349 1528 850

224 1555 382 1623 naturam,
409 1546 533 1610 nullam
560 1569 643 1631 quae
668 1547 781 1612 mittat
807 1548 939 1613 naribus
963 1572 1083 1626 auram,

223 1672 320 1734 quam
347 1647 481 1712 minime
504 1657 543 1713 ut
568 1649 670 1732 possit
693 1650 813 1714 mixtos
837 1651 872 1714 in
895 1674 1024 1736 corpore
1050 1652 1160 1716 odores

223 1761 452 1839 concoctosque
477 1776 535 1818 suo
560 1762 763 1818 contractans
788 1755 921 1840 perdere
947 1756 1024 1834 viro,

222 1867 354 1944 propter
379 1858 514 1923 eandem
538 1881 607 1924 reru
630 1859 750 1923 debent
774 1860 949 1943 primordia
974 1882 1081 1924 rerum

222 1985 288 2026 non
311 1961 464 2026 adhibere
489 1984 584 2026 suum
607 1961 784 2048 gignundis
809 1963 905 2027 rebus
931 1962 1062 2028 odorem
1281 1967 1343 2046 855

223 2088 282 2130 nec
308 2065 459 2142 sonitum,
489 2065 643 2149 quoniam
670 2066 716 2129 nil
740 2066 782 2130 ab
808 2088 842 2131 se
869 2066 1000 2132 mittere
1024 2075 1169 2153 possunt,

223 2191 283 2232 nec
309 2167 408 2232 simili
433 2167 559 2232 ratione
586 2190 732 2253 saporem
757 2168 898 2254 denique
925 2178 1122 2254 quemquam

223 2292 282 2334 nec
304 2269 405 2354 frigus
428 2291 533 2354 neque
556 2271 637 2334 item
660 2270 800 2334 calidum
823 2271 1036 2357 tepidumque
1059 2295 1219 2357 vaporem,

222 2382 348 2454 cetera3
381 2396 465 2457 quae
490 2396 564 2437 oum
588 2374 636 2437 ita
659 2382 736 2438 sunt
763 2382 873 2438 tamen
898 2383 936 2439 ut
960 2376 1109 2439 mortalia
1133 2384 1292 2454 constent,

223 2477 313 2541 molli
338 2478 435 2554 lenta,
461 2477 587 2562 fragosa
609 2477 708 2560 putri,
734 2500 813 2541 cava
836 2500 965 2563 corpore
991 2501 1071 2556 rare,
1280 2482 1345 2544 860

224 2582 332 2646 omnia
356 2582 422 2646 sint
445 2604 465 2644 a
488 2581 655 2666 principiis
678 2583 825 2646 seiuncta
848 2591 1017 2661 necessest,

223 2685 408 2750 inmortalia
433 2685 461 2748 si
483 2685 632 2749 volumus
659 2685 854 2771 subiungere
876 2686 973 2750 rebus

224 2789 436 2854 fundamenta
458 2788 577 2875 quibus
602 2789 730 2853 nitatur
753 2812 880 2854 summa
903 2790 1037 2869 salutis;

224 2917 265 2959 ne
291 2893 353 2958 tibi
377 2917 428 2958 res
454 2893 587 2958 redeant
614 2895 655 2958 ad
681 2895 787 2958 nilum
811 2895 959 2959 funditus
985 2917 1102 2959 omnes.
1210 2973 1214 2976 ι

267 3000 301 3062 N
305 3022 365 3063 unc
391 3021 430 3062 ea
455 3021 538 3084 quae
564 2999 684 3063 sentire
710 2999 858 3063 videmus
884 3021 1022 3082 cumque
1046 3007 1207 3063 necessest
1280 3000 1340 3080 865

225 3126 264 3168 ex
288 3103 494 3168 insensilibus
519 3113 631 3167 tamen
654 3104 764 3168 omnia
789 3103 960 3168 confiteare

223 3207 389 3292 principiis
411 3216 562 3270 constare.
608 3228 713 3291 neque
736 3205 770 3269 id
792 3207 976 3270 manufesta
997 3205 1143 3270 refutant

224 3334 283 3375 neo
305 3319 416 3376 contra
436 3318 595 3397 pugnant,
616 3309 652 3374 in
673 3319 827 3395 promptu
850 3311 980 3394 cognita
1001 3333 1084 3396 quae
1106 3318 1192 3385 sunt,

224 3416 279 3480 sed
303 3414 406 3501 magis
431 3414 503 3500 ipsa
525 3436 624 3478 manu
650 3413 774 3477 ducunt
799 3421 832 3478 et
858 3412 986 3477 credere
1013 3422 1132 3498 cogunt

225 3543 265 3584 ex
287 3519 500 3596 insensilibus
522 3518 609 3605 quod
631 3518 712 3598 dico,
736 3517 890 3582 animalia
911 3518 1010 3604 gigni.
1279 3521 1344 3600 870

224 3625 345 3709 quippe
367 3622 475 3688 videre
497 3622 574 3686 licet
596 3622 685 3686 vivos
709 3623 846 3686 existere
867 3643 992 3685 vermes

224 3734 362 3789 stercore
384 3725 425 3790 de
447 3732 562 3801 taetro,
583 3733 734 3808 putorem
756 3746 831 3787 cum
854 3723 916 3787 sibi
938 3732 1034 3788 nacta
1056 3733 1105 3788 est

138 3898 178 3946 for
195 3897 357 3958 disperditur.
486 3895 532 3943 841
550 3901 635 3943 notare
652 3894 731 3945 Lech.
752 3895 792 3943 for
807 3902 923 3957 notaque.
1056 3896 1103 3944 845
1121 3897 1208 3945 ieiuna
1224 3896 1294 3945 Flor.
1311 3899 1343 3946 31

139 3979 227 4028 (lamb.
246 3981 294 4026 etc.
311 3976 387 4027 foret
401 3992 461 4026 una.
609 3977 657 4026 846
665 3980 804 4040 propriam.
838 3980 941 4040 proprio
954 3976 1035 4026 Lach.
1047 3976 1110 4025 with
1121 3978 1194 4027 Junt.
1206 3982 1254 4028 not
1265 3979 1331 4028 Mar.
1336 4000 1344 4042 ;

138 4063 185 4110 but
202 4075 322 4123 compare
339 4061 394 4109 855,
438 4062 491 4110 allo
507 4060 582 4109 Pont.
757 4063 806 4110 850
819 4063 908 4123 poesis.
947 4063 1016 4124 potis
1033 4076 1058 4110 ea
1073 4060 1164 4111 Lamb.
1183 4059 1275 4110 Lach.:
1302 4076 1344 4111 see

138 4145 212 4192 notes
223 4144 246 4191 2.
377 4142 425 4190 853
442 4149 600 4190 contractans
617 4141 706 4200 Lach.,
723 4141 777 4191 and
793 4156 864 4191 some
881 4156 944 4191 mss.
963 4141 992 4190 of
1006 4140 1123 4189 Priscian
1139 4156 1167 4190 π
1184 4141 1214 4191 91
1232 4140 1271 4191 for
1287 4157 1343 4192 coo·

139 4234 242 4276 tractas.
275 4231 415 4274 contractos
426 4225 495 4286 vulg.
507 4240 608 4274 servare
622 4227 747 4290 (superare
759 4223 871 4289 Forbig.)
883 4232 908 4273 et
915 4226 1019 4286 perdere
1031 4222 1132 4272 Nonius
1143 4237 1168 4285 p.
1184 4225 1239 4274 188.

170 4309 219 4358 854
235 4308 342 4370 Propter
357 4307 459 4355 comm
474 4321 525 4356 rem
540 4305 621 4355 Lach.
637 4308 706 4355 most
724 4305 794 4368 trnly
810 4307 850 4354 for
865 4305 973 4368 Propter
989 4307 1099 4356 eaodem.
1134 4306 1271 4368 Propterea
1288 4313 1343 4355 toa·

137 4393 192 4440 dem
209 4389 277 4440 Plor.
296 4389 327 4438 31
347 4387 436 4437 (lamb.
457 4389 531 4450 Man,
552 4389 688 4450 Propterea
708 4391 802 4438 demam
818 4387 917 4449 Iamb„
939 4387 1068 4450 absurdly.
1202 4387 1251 4437 860
1268 4389 1343 4438 Molli
