2842 4860
157 419 256 495 atque
279 410 406 494 explere
429 408 522 473 bonis
544 410 640 474 rebus
663 409 844 496 satiareque
866 433 1053 497 numquam,

157 515 242 599 quod
265 513 389 577 faciunt
410 513 503 577 nobis
525 535 684 577 annorum
706 521 860 601 tempora,
883 517 1003 579 circum
1198 531 1275 597 1005

158 640 232 681 cum
255 615 392 680 redeunt
414 616 564 699 fetusque
588 617 697 680 ferunt
719 618 885 702 variosque
907 619 1040 704 lepores,

123 710 125 715 ’
156 742 215 783 nec
236 728 347 784 tamen
370 721 539 804 explemur
560 720 641 785 vitai
663 721 820 786 fructibus
843 745 1008 806 umquam,

157 824 226 903 hoc,
250 832 289 887 ut
311 823 432 908 opinor,
454 823 488 887 id
511 832 569 902 est,
592 847 671 889 aevo
693 826 827 889 florente
849 827 973 911 puellas

158 928 242 1013 quod
266 937 446 992 memorant
468 927 598 992 laticem
621 937 790 1012 pertusum
812 952 983 1014 congerere
1004 929 1039 995 in
1061 953 1126 1008 vas,

158 1031 243 1116 quod
266 1040 378 1095 tamen
400 1030 522 1115 expleri
543 1031 634 1094 nulla
656 1031 780 1096 ratione
803 1040 957 1117 potestur.
1130 1049 1133 1059 ¹
1198 1053 1279 1099 1010

161 1133 320 1198 Cerberus
343 1141 377 1196 et
399 1133 501 1197 furiae
524 1133 589 1196 iam
614 1156 687 1197 vero
711 1142 745 1199 et
767 1135 847 1199 lucis
870 1144 996 1220 egestas

658 1239 679 1279 1

157 1338 310 1403 Tartarus
332 1339 500 1403 horriferos
523 1346 671 1404 eructans
693 1340 840 1406 faucibus
862 1351 979 1420 aestus,

156 1440 212 1524 qui
234 1462 340 1524 neque
363 1449 439 1504 sunt
461 1462 599 1524 usquam
622 1463 682 1505 nec
705 1451 841 1527 possunt
864 1465 932 1509 esse
955 1444 1104 1529 profecto.

157 1543 212 1606 sed
235 1551 342 1606 metus
365 1543 400 1605 in
422 1544 490 1606 vita
512 1565 688 1629 poenarum
710 1567 767 1629 pro
789 1547 874 1611 male
896 1548 990 1612 factis

157 1656 206 1711 cst
228 1646 410 1734 insignibus
432 1647 568 1732 insignis
590 1649 782 1735 scelerisque
805 1651 911 1729 luella,

157 1773 262 1815 carcer
284 1761 318 1816 et
339 1752 500 1816 horribilis
522 1753 563 1817 de
586 1775 661 1817 saxo
684 1753 780 1818 iactu'
802 1754 961 1832 deorsum,

156 1856 289 1919 verbera
311 1854 475 1919 carnifices
497 1856 594 1920 robur
615 1857 671 1941 pix
694 1857 850 1920 lammina
872 1858 987 1922 taedae
999 1881 1007 1937 ;

154 1979 239 2041 quae
261 1965 373 2020 tamen
395 1956 458 2020 etsi
479 1957 607 2034 absunt,
629 1966 665 2022 at
687 1980 778 2022 mens
800 1958 861 2021 sibi
884 1959 1010 2024 conscia
1028 1960 1124 2024 fletis

156 2069 383 2145 praemetuens
405 2060 540 2125 adhibet
562 2062 710 2127 stimulos
733 2071 899 2148 terretque
921 2064 1057 2150 flagellis

156 2187 215 2229 nec
237 2165 328 2230 videt
350 2165 476 2230 interea
498 2165 555 2250 qui
577 2166 736 2231 terminus
759 2189 827 2232 esse
851 2167 1007 2231 malorum
1196 2187 1278 2234 1020

155 2268 257 2353 possit
278 2291 338 2333 nec
361 2292 444 2355 quae
468 2269 510 2333 sit
533 2291 709 2354 poenarum
732 2270 873 2354 denique
895 2270 970 2335 finis

156 2380 254 2457 atque
277 2372 388 2437 eadem
413 2374 532 2437 metuit
554 2374 657 2459 magis
680 2374 822 2439 haecne
845 2376 880 2439 in
903 2384 1006 2440 morte
1028 2385 1224 2462 gravescent.

156 2475 209 2539 hic
230 2474 410 2540 Acherusia
432 2475 470 2540 fit
493 2476 667 2541 stultorum
690 2476 831 2563 denique
853 2478 931 2546 vita.

199 2579 272 2643 Hoc
295 2580 395 2643 etiam
417 2579 479 2643 tibi
502 2589 574 2644 tute
596 2581 761 2645 interdum
783 2582 888 2646 dicere
910 2582 1013 2668 possis

155 2681 300 2745 ‘lumina
322 2682 364 2745 sis
387 2681 487 2746 oculis
509 2682 608 2746 etiarn
631 2684 735 2748 bonus
756 2683 859 2749 Ancu'
883 2685 1016 2770 reliquit
1162 2732 1164 2737 -
1195 2703 1272 2768 1025

67 2905 133 2956 Mar.
153 2907 225 2956 tunt.
250 2905 318 2968 vulg.
428 2905 492 2956 1005
511 2908 603 2955 circum
623 2908 685 2955 06111
703 2907 816 2957 redeunt.
868 2908 969 2966 victum,
991 2907 1053 2955 Cum
1070 2907 1175 2956 redeunt
1195 2908 1276 2958 Lech.

66 2987 176 3036 without
199 3001 284 3036 cause.
399 2987 461 3038 1009
490 3002 620 3048 conparere
642 2987 664 3034 B
686 3001 751 3038 corr.
775 2988 823 3037 etc.
848 2985 888 3035 ior
910 3002 1003 3048 cepere.
1114 2988 1178 3038 1010
1204 2992 1278 3039 trulla

67 3069 139 3119 Nice.
156 3071 276 3120 16111116.
386 3070 459 3119 After
477 3070 539 3119 1011
558 3071 571 3118 Ι
588 3068 685 3119 believe
701 3085 772 3118 some
783 3084 867 3118 verses
885 3085 928 3119 are
942 3070 1009 3119 lost:
1026 3069 1091 3118 both
1101 3070 1146 3119 the
1156 3071 1239 3121 words
1251 3072 1279 3121 61

68 3154 172 3206 Servius
183 3158 212 3203 to
222 3153 287 3204 Aen.
301 3167 328 3201 v1
340 3151 387 3202 596
399 3152 451 3200 and
462 3151 504 3200 his
516 3154 620 3201 context
631 3166 707 3213 prove
719 3155 746 3200 to
757 3166 799 3200 me
809 3151 868 3200 that
877 3151 912 3199 he
923 3150 947 3200 is
958 3151 1082 3214 speaking
1093 3152 1121 3201 of
1131 3152 1277 3213 Lucretius,
1342 3191 1344 3196 .

66 3239 114 3285 not
126 3237 154 3285 of
164 3235 246 3297 Virgil
260 3250 290 3284 as
304 3235 420 3297 Bernays
436 3235 533 3283 affirms
550 3234 578 3282 in
595 3234 689 3283 Rhein.
702 3234 769 3282 Mus.
781 3248 807 3284 n.
824 3233 870 3283 1.1
886 3248 911 3294 p.
929 3234 985 3294 584,
999 3232 1074 3282 when
1089 3233 1123 3282 he
1140 3249 1200 3297 says
1219 3238 1277 3298 ‘per

66 3316 152 3363 rotam
172 3315 260 3361 autern
276 3311 391 3361 ostendit
413 3310 587 3372 negotiatores
605 3310 650 3371 qui
669 3324 769 3371 semper
790 3309 987 3372 tempestatibus
1005 3309 1203 3373 turbinibusque
1224 3312 1276 3360 vol-

67 3393 184 3445 vuntur’.
227 3394 241 3442 I
262 3392 327 3442 have
349 3391 483 3455 appended
500 3390 544 3440 the
564 3391 637 3440 mark
657 3391 721 3440 osa
740 3390 830 3440 hiatus
849 3390 901 3439 and
920 3391 996 3440 made
1016 3405 1050 3439 no
1070 3390 1168 3454 change
1184 3391 1214 3440 in
1231 3392 1276 3441 the

67 3478 130 3526 text.
160 3476 249 3537 suriae
266 3473 288 3521 B
305 3489 370 3524 corr.
390 3473 467 3522 Pont.
485 3473 549 3522 Mar.
563 3472 603 3521 161
615 3474 705 3535 sertae.
739 3472 1273 3533 16169661616161111166611116111111.

66 3557 120 3609 and
131 3557 200 3618 Ver,
215 3537 279 3606 Ven.
292 3555 342 3604 has
357 3555 403 3604 the
418 3554 580 3604 remarkable
596 3554 704 3616 reading
720 3570 818 3616 69611116,
830 3554 942 3617 adopted
958 3554 991 3618 by
1001 3554 1057 3604 Aru
1072 3555 1085 3603 1
1098 3556 1172 3604 Junt.
1183 3555 1276 3606 hamb.

66 3641 135 3702 vulg.
147 3639 242 3699 Lech.;
259 3638 306 3688 but
323 3638 344 3686 it
362 3637 384 3686 is
403 3638 432 3686 61
449 3653 539 3687 course
557 3652 573 3687 a
592 3652 655 3700 pure
672 3637 818 3699 conjecture
834 3636 919 3685 which
934 3636 1015 3686 Lech.
1032 3637 1146 3700 wrongly
1162 3637 1232 3699 gives
1249 3642 1276 3688 to

67 3721 205 3772 Marullus.
315 3721 379 3768 1013
406 3721 456 3781 Qui
473 3735 559 3781 oeque.
604 3720 690 3779 Qetdr
714 3734 792 3780 aeque
810 3716 891 3767 Laeh.
934 3720 1006 3767 Haec
1022 3733 1100 3780 neque
1117 3719 1183 3768 Mar.
1201 3719 1276 3768 Junt.

65 3805 134 3866 vulg.
269 3803 333 3851 1014
346 3818 485 3865 poenorum
504 3802 574 3850 Nico.
595 3802 635 3850 for
650 3817 792 3864 paenarum
811 3800 838 3851 61
844 3801 917 3851 ,ΑΒι
940 3800 969 3848 in
988 3799 1091 3850 ancient
1110 3801 1186 3861 times
1203 3800 1276 3850 there

67 3900 150 3936 seems
165 3888 193 3934 to
209 3883 275 3934 have
292 3883 357 3933 been
373 3899 389 3934 a
407 3885 520 3945 struggle
536 3884 650 3932 between
665 3899 746 3945 paena
764 3883 816 3932 and
834 3882 878 3932 the
894 3899 965 3932 more
982 3887 1079 3935 correct
1092 3899 1175 3946 poena
1190 3882 1276 3932 which

66 3969 158 4030 finally
175 3967 313 4030 prevailcd.
342 3970 465 4031 paenitet,
487 3982 516 4014 or
533 3966 600 4014 later
613 3968 720 4029 penitet,
738 3980 790 4014 was
807 3966 884 4014 alone
901 3966 1005 4014 known.
1110 3966 1174 4015 1016
1196 3964 1276 4014 iactu'

67 4053 182 4100 deorsum
192 4049 283 4098 Lamb.
293 4050 334 4097 ior
345 4052 428 4098 tuctus
439 4064 530 4097 eorum.
564 4049 643 4097 tactu’
654 4063 751 4096 reorum
762 4046 853 4096 Heins.
865 4047 893 4095 in
904 4062 953 4095 ms.
965 4050 1050 4096 notes.
1149 4047 1212 4098 1017
1224 4048 1276 4095 iam

66 4135 136 4182 1111116
147 4131 201 4178 ΑΒ.
235 4128 697 4191 69111166Ν166.11161.31Β111.1161.
734 4131 831 4177 16111116
840 4128 905 4178 Ven.
916 4129 985 4191 vulg.
1019 4129 1139 4177 1611111116
1150 4127 1231 4177 Lech.

100 4212 164 4262 1019
188 4217 311 4271 terretque
327 4210 407 4259 Lech.
419 4209 460 4258 161
477 4217 609 4271 torretque.
644 4216 791 4273 torquetque
807 4208 900 4265 Heius.
915 4207 944 4256 in
960 4223 1009 4260 ms.
1027 4211 1101 4258 notes
1112 4208 1165 4257 and
1175 4208 1275 4259 advers.

66 4293 151 4344 which
162 4293 233 4356 Virg.
245 4293 309 4344 Aen.
323 4307 350 4342 v1
362 4294 410 4343 670
421 4293 752 4354 sontis...flapelto...qcattt
761 4289 845 4353 might
855 4288 967 4354 perhaps
977 4293 1093 4354 support.

100 4377 164 4427 1023
180 4377 242 4425 Hic.
276 4376 346 4424 Hinc
357 4373 433 4426 Pont.
446 4374 512 4424 Mar.
524 4373 599 4422 tunt.
609 4372 700 4423 hamb.
712 4372 781 4436 vulg.
792 4369 903 4427 vitum
912 4384 1004 4433 tem,
1083 4371 1146 4420 1001
1157 4386 1275 4437 superare
