2842 4860
150 410 236 452 nunc
259 389 292 451 id
315 389 401 473 quod
424 397 570 473 superest
593 387 633 450 de
655 388 798 452 motibus
821 389 1052 472 expediemus]

193 490 289 554 Nunc
312 492 400 555 locus
423 500 481 567 est,
504 499 542 555 ut
564 491 685 575 opinor,
709 492 743 554 in
767 491 817 555 his
839 491 921 555 illud
945 513 1073 577 quoque
1096 493 1192 558 rebus

150 595 338 659 confirmare
361 596 431 667 tihi,
455 596 580 658 nullam
603 617 672 658 rem
694 617 786 678 posse
809 617 868 659 sua
889 597 923 659 vi

149 720 334 784 corpoream
357 721 483 762 sursum
506 698 581 763 ferri
604 720 795 783 sursumque
818 721 945 779 meare3

150 824 190 866 ne
215 802 276 867 tibi
298 801 377 866 dent
400 802 435 865 in
457 823 495 865 eo
517 801 721 866 flammarum
744 823 875 886 corpora
897 802 1052 867 fraudem.

150 929 258 970 sursus
281 905 368 970 enim
392 928 501 970 versus
523 907 704 990 gignuntur
727 914 760 970 et
782 908 937 992 augmina
959 917 1094 972 sumunt

149 1019 182 1075 et
205 1033 332 1074 sursum
355 1010 478 1074 nitidae
501 1011 608 1095 fruges
630 1011 825 1096 arbustaque
849 1019 1006 1087 crescunt,

150 1115 299 1199 pondera,
321 1122 481 1200 quantum
504 1115 538 1178 in
561 1137 594 1178 se
618 1123 675 1190 est,
698 1138 772 1179 cum
794 1114 944 1179 deorsum
967 1123 1083 1179 cuncta
1105 1115 1258 1180 ferantur.

149 1242 208 1284 nec
230 1242 304 1283 cum
327 1219 502 1283 subsiliunt
524 1220 613 1304 ignes
636 1219 677 1283 ad
700 1228 787 1284 tecta
809 1218 978 1283 domorum
1212 1239 1267 1302 191

148 1331 182 1386 et
205 1322 300 1386 celeri
322 1321 452 1385 flamma
474 1322 648 1406 degustant
671 1322 762 1406 tigna
784 1321 965 1408 trabesque,

149 1434 263 1508 sponte
286 1446 344 1488 sua
366 1426 470 1488 facere
492 1423 526 1487 id
549 1424 618 1487 sine
641 1424 674 1486 vi
697 1423 869 1509 subigente
891 1425 1075 1510 putandum
1098 1435 1156 1491 est.

150 1527 237 1612 quod
258 1550 360 1612 genus
383 1550 401 1592 e
424 1535 532 1590 nostro
554 1549 653 1612 quom
676 1527 793 1590 missus
815 1550 945 1612 corpore
968 1529 1098 1613 sanguis

150 1629 269 1693 emicat
290 1630 440 1693 exultans
462 1629 527 1694 alte
550 1629 737 1714 spargitque
760 1651 914 1696 cruorem.
1080 1653 1083 1661 ·
1171 1643 1173 1646 ’
1213 1646 1269 1713 195

149 1755 256 1796 nonne
279 1732 370 1796 vides
392 1733 491 1796 etiam
515 1742 639 1818 quanta
661 1734 694 1796 vi
716 1733 808 1817 tigna
830 1733 1002 1819 trabesque

150 1845 280 1920 respuat
303 1858 395 1900 umor
417 1839 545 1920 aquae?
573 1857 650 1899 nam
673 1858 736 1920 quo
759 1835 862 1920 magis
885 1837 1024 1901 ursimus
1047 1838 1113 1901 alte

150 1941 280 2004 derecta
301 1947 335 2004 et
357 1962 476 2025 magna
498 1939 531 2002 vi
552 1938 650 2003 multi
671 1939 846 2025 pressimus
868 1963 971 2026 aegre,

149 2052 219 2106 tam
242 2042 359 2126 cupide
381 2064 507 2106 sursum
530 2044 670 2107 revomit
691 2044 793 2128 magis
816 2053 914 2130 atque
938 2045 1085 2123 remittit,

150 2147 223 2231 plus
247 2155 283 2210 ut
305 2155 397 2231 parte
421 2147 504 2211 foras
526 2157 693 2233 emergant
717 2149 925 2234 exiliuntque.
1210 2168 1274 2216 200

150 2273 209 2314 nec
232 2260 342 2315 tamen
365 2252 452 2329 haec,
475 2259 636 2337 quantum
660 2252 765 2316 estin
788 2274 829 2329 se,
853 2253 1051 2332 dubitamus,
1074 2254 1194 2339 opinor,

66 2383 69 2387 ’
152 2355 231 2440 quin
256 2377 394 2418 vacuum
416 2355 593 2440 perinane
616 2356 764 2420 deorsum
788 2359 1078 2424 cunctaferantur.

150 2460 195 2523 sic
217 2457 317 2544 igitur
338 2457 459 2522 debent
480 2457 630 2522 flammae
653 2482 780 2544 quoque
803 2482 895 2545 posse
917 2483 975 2546 per
996 2484 1090 2527 auras

150 2561 232 2626 aeris
254 2581 422 2644 expressae
445 2581 571 2624 sursum
595 2561 773 2637 succedere,
798 2584 995 2647 quamquam

150 2664 300 2750 pondera,
323 2672 482 2748 quantum
505 2664 539 2727 in
562 2673 637 2742 sest,
660 2665 809 2730 deorsum
832 2667 987 2732 deducere
1009 2676 1166 2754 pugnent,
1211 2683 1271 2750 205

151 2778 389 2852 nocturnasque
411 2767 496 2832 faces
519 2768 599 2832 caeli
622 2769 760 2833 sublime
783 2768 923 2833 volantis

64 2867 69 2875 ⁴
152 2894 259 2936 nonne
282 2873 373 2936 vides
395 2872 506 2958 longos
528 2873 732 2937 flammarum
756 2874 872 2938 ducere
895 2878 1017 2939 tractus

151 2978 186 3041 in
209 2999 429 3062 quascumque
451 2977 543 3042 dedit
564 2979 666 3062 partis
689 2985 806 3041 natura
828 2982 998 3041 meatuml

150 3104 216 3145 non
238 3081 350 3146 cadere
373 3080 408 3144 in
430 3091 550 3146 terram
573 3082 683 3146 stellas
706 3091 739 3146 et
761 3083 866 3147 sidera
888 3083 1013 3146 cernis?

151 3186 197 3250 sol
220 3186 319 3250 etiarn
342 3187 424 3251 coeli
446 3186 487 3251 de
508 3186 630 3250 vertice
653 3187 789 3271 dissipat
812 3185 916 3250 omnis
1211 3205 1275 3254 210

60 3357 141 3405 Pont.
158 3355 232 3403 Junt.
249 3355 335 3416 vulgo,
353 3353 440 3403 which
456 3369 518 3417 may
534 3355 565 3403 be
581 3355 659 3417 right.
700 3354 775 3403 Wah.
788 3353 880 3416 adopts
893 3354 938 3403 the
953 3352 1141 3416 interpolation
1157 3355 1186 3403 of
1201 3355 1271 3406 Nice.

60 3453 214 3502 quamquem
227 3439 286 3486 itaer
297 3440 350 3486 sint
358 3439 488 3500 praedita,
500 3437 554 3486 and
564 3437 634 3499 gives
646 3452 661 3486 a
672 3436 804 3487 ludicrous
815 3436 983 3499 explanation
995 3438 1022 3486 oi
1038 3437 1068 3486 it.
1137 3437 1184 3489 187
1199 3440 1274 3501 freu-

61 3522 126 3569 dem.
156 3520 306 3582 frudemB:
324 3519 472 3571 seev1187.
574 3520 621 3570 193
638 3521 767 3580 subigente
783 3518 874 3567 hamb.
894 3518 989 3568 Creech
1005 3518 1085 3568 Lach.
1098 3518 1270 3570 ioreubiecta.

60 3603 181 3652 subeunte
198 3602 277 3650 Bern.
295 3601 380 3650 which
397 3601 420 3649 is
437 3601 530 3664 hardly
547 3616 576 3650 so
593 3616 656 3650 near
674 3601 718 3650 the
735 3616 784 3651 ms.
798 3601 916 3663 reading:
934 3617 975 3651 see
987 3601 1091 3664 Madvig
1102 3602 1202 3654 emend.
1216 3602 1272 3652 Liv.

60 3700 87 3748 p.
107 3684 165 3732 210.
272 3683 320 3733 194
342 3684 414 3744 Quod
430 3699 508 3744 genus
528 3699 541 3731 e
561 3691 654 3733 nostro.
690 3686 761 3745 Quod
777 3699 855 3744 genus
872 3692 908 3733 ert
923 3684 1003 3734 Lach.
1022 3685 1103 3748 justly
1119 3683 1223 3733 blamed
1239 3684 1274 3747 by

61 3765 168 3827 Madvig
178 3765 236 3814 Lat.
249 3780 330 3827 gram.
342 3766 381 3816 ed.
397 3768 449 3828 3p.
463 3781 490 3814 rx
502 3766 542 3815 for
553 3765 598 3814 the
609 3780 664 3828 way
674 3765 703 3813 in
716 3765 800 3814 which
816 3765 849 3814 he
866 3764 937 3814 deals
954 3765 1018 3814 with
1035 3768 1101 3829 quod
1117 3781 1194 3828 penus
1210 3765 1272 3815 here

59 3846 240 3898 andinother
256 3847 350 3908 places.
385 3862 457 3910 quom
474 3847 544 3898 Nico.
564 3846 741 3896 eomhhach.
754 3863 810 3896 curn
820 3847 852 3895 B.
964 3849 1010 3899 197
1027 3849 1142 3898 ursimus.
1161 3850 1273 3910 argiuus

60 3929 244 3980 heornNicc.
265 3929 355 3978 Camb.
519 3930 850 3981 ulteFlor.31ioraltu.
953 3931 1000 3980 198
1017 3933 1133 3981 Derecto.
1169 3932 1274 3980 Deiecto

59 4013 142 4064 Lech.
254 4013 301 4063 199
317 4015 421 4062 revomit
437 4012 514 4061 Pont.
532 4013 641 4074 Nauger.
662 4013 702 4062 for
719 4021 833 4062 removet.
956 4014 1005 4062 203
1038 4015 1127 4062 dehent
1153 4015 1273 4076 flammae

59 4107 160 4159 qumque
177 4092 236 4142 Ald.
255 4094 268 4141 1
286 4093 360 4143 Junt.
378 4094 419 4142 for
437 4111 460 4157 q.
478 4096 503 4142 d.
515 4097 547 4157 jt.
724 4095 772 4143 205
795 4097 824 4144 iu
844 4110 868 4144 se
886 4102 922 4144 est
939 4096 1051 4143 deorsum
1068 4095 1186 4144 deducere
1203 4093 1269 4144 Mar.

55 4178 120 4228 Md.
138 4177 153 4225 1
171 4176 245 4225 Junt.
267 4177 307 4225 for
326 4179 392 4226 inest
413 4179 526 4226 deorsum
546 4180 644 4228 ducere.
729 4179 759 4226 in
774 4194 800 4227 se
818 4186 855 4228 est
871 4179 940 4228 Flor.
962 4179 992 4226 31
1014 4178 1103 4229 Camb.
1150 4183 1272 4240 quantum

59 4267 98 4310 eet
115 4260 145 4308 iu
161 4273 187 4308 se
203 4259 316 4307 deorsum
332 4259 421 4308 ducere
437 4273 487 4307 one
505 4258 563 4309 Vat.
583 4259 660 4307 Pont.
678 4257 758 4307 Lech.
779 4322 781 4326 Υ
1119 4259 1167 4308 209
1183 4259 1271 4306 cadere

60 4346 90 4394 iu
114 4331 208 4392 terram
230 4341 300 4391 Nicc.
321 4341 361 4390 for
377 4344 490 4390 cederent
507 4344 536 4389 in
554 4349 631 4390 terra.
730 4343 778 4390 210
803 4344 869 4392 cuelt'
892 4342 969 4390 Bern.
993 4341 1076 4391 better
1098 4340 1162 4389 than
1178 4355 1270 4389 summo
