2842 4860
690 278 725 339 Π

190 449 224 505 et
247 448 438 526 superantur
461 441 548 505 item.
595 442 748 506 miscetur
770 442 882 506 funere
905 464 1002 528 vagor

190 565 287 627 quern
312 542 406 627 pueri
428 542 550 606 tollunt
574 542 706 606 visentis
730 544 862 606 luminis
885 566 972 622 oras3

190 668 250 709 nec
271 668 335 709 nox
359 645 427 709 ulla
449 645 537 709 diem
559 666 665 730 neque
690 655 818 711 noctem
842 669 956 711 aurora
977 655 1118 712 secutast

191 771 273 834 quae
295 772 361 813 non
383 749 526 813 audierit
548 751 668 814 mixtos
690 751 855 837 vagitibus
880 751 983 836 aegris

190 853 333 937 ploratus
355 853 467 916 mortis
490 853 624 917 comites
647 861 679 918 et
701 854 823 918 funeris
845 855 916 919 atri.

235 957 323 1020 Illud
344 956 378 1019 in
401 957 453 1021 his
476 956 683 1043 obsignatum
706 981 833 1043 quoque
856 959 951 1023 rebus
974 961 1091 1024 habere

191 1061 342 1125 convenit
364 1069 398 1124 et
421 1062 556 1125 memori
579 1062 772 1126 mandatum
795 1070 905 1126 mente
928 1071 1047 1139 tenere,

191 1165 237 1227 nil
261 1187 339 1241 esse,
362 1166 396 1228 in
417 1173 570 1250 promptu
593 1187 729 1250 quorum
754 1174 873 1230 natura
895 1166 1033 1242 videtur,

191 1269 277 1352 quod
298 1291 415 1353 genere
439 1292 477 1333 ex
501 1292 566 1333 uno
590 1266 744 1334 consistat
766 1271 1006 1355 principiorum,

191 1393 249 1435 nec
273 1373 445 1457 quicquam
471 1372 556 1457 quod
582 1395 648 1436 non
672 1372 833 1456 permixto
857 1372 979 1437 semine
1003 1382 1135 1438 constet.

192 1485 225 1538 et
247 1477 473 1561 quodcumque
498 1476 600 1561 magis
623 1476 672 1539 vis
697 1477 817 1540 multas
842 1476 984 1561 possidet
1011 1476 1045 1540 in
1072 1499 1105 1540 se

191 1589 290 1663 atque
312 1589 499 1664 potestates,
523 1581 571 1644 ita
595 1580 737 1665 plurima
759 1580 990 1665 principiorum

190 1683 225 1745 in
248 1705 316 1747 sese
339 1705 458 1769 genera
481 1706 518 1747 ac
541 1685 645 1748 varias
668 1684 762 1747 docet
788 1706 856 1748 esse
882 1683 1008 1769 figuras.

190 1785 347 1871 principio
371 1787 468 1850 tellus
492 1785 592 1851 habet
618 1787 653 1849 in
676 1808 710 1850 se
737 1808 868 1870 corpora
891 1786 996 1871 prima

191 1889 276 1952 unde
301 1911 389 1953 mare
414 1889 597 1952 inmensum
621 1889 787 1952 volventes
813 1888 931 1973 frigora
955 1889 1061 1953 fontes

191 1993 325 2057 adsidue
348 2001 514 2070 renovent,
538 1993 637 2057 habet
661 1992 752 2077 ignes
774 1992 863 2056 unde
886 1991 1038 2056 oriantur.

191 2119 266 2160 nam
290 2096 403 2160 multis
428 2118 580 2160 succensa
602 2095 680 2160 locis
704 2095 819 2159 ardent
843 2095 910 2160 sola
933 2103 1045 2170 terrae,

191 2200 318 2263 eximiis
343 2221 418 2264 vero
442 2199 521 2262 furit
546 2199 675 2285 ignibus
701 2191 843 2283 impetus
867 2201 1003 2263 Aetnae.

192 2312 264 2368 tum
287 2325 380 2387 porro
403 2303 524 2367 nitidas
549 2304 656 2388 fruges
682 2303 878 2387 arbustaque
901 2304 988 2368 laeta

190 2406 344 2492 gentibus
369 2406 519 2471 humanis
544 2406 644 2470 habet
670 2406 756 2470 unde
783 2407 936 2472 extollere
960 2406 1071 2491 possit,

191 2509 279 2573 unde
303 2510 403 2574 etiam
427 2510 544 2574 fluvios
567 2510 695 2575 frondes
717 2518 751 2574 et
775 2510 894 2595 pabula
917 2511 1003 2576 laeta

192 2615 379 2699 montivago
402 2615 513 2700 generi
537 2615 638 2700 possit
661 2615 813 2699 praebere
837 2615 987 2680 ferarum.

190 2741 289 2804 quare
314 2742 432 2806 magna
455 2721 554 2785 deum
578 2729 684 2784 mater
707 2729 875 2805 materque
901 2722 1041 2784 ferarum

191 2831 226 2886 et
248 2824 349 2888 nostri
373 2825 521 2908 genetrix
544 2824 623 2888 haec
648 2824 735 2888 dicta
758 2831 808 2888 est
834 2824 971 2909 corporis
995 2846 1068 2887 una.

235 2927 330 2991 Hanc
353 2935 478 2991 veteres
501 2927 636 2991 Graium
663 2926 749 2990 docti
775 2927 918 2990 cecinere
942 2935 1056 3009 poetae

191 3131 321 3196 sedibus
347 3132 382 3196 in
408 3155 503 3197 curru
529 3132 656 3217 biiugos
683 3133 805 3217 agitare
831 3133 947 3208 leones,

191 3235 275 3298 aeris
296 3235 330 3297 in
347 3236 457 3318 'spatio
482 3257 634 3319 magnam
660 3235 801 3318 pendere
825 3234 976 3298 docentes

191 3339 341 3401 tellurem
367 3361 474 3423 neque
499 3360 590 3423 posse
616 3340 651 3401 in
675 3349 760 3402 terra
784 3338 896 3402 sistere
922 3345 1049 3400 terram.

191 3445 365 3509 adiunxere
391 3446 484 3523 feras,
508 3444 584 3529 quia
607 3444 755 3529 quamvis
781 3443 879 3507 effera
902 3443 1007 3526 proles

191 3547 303 3611 officiis
325 3547 423 3611 debet
445 3547 563 3612 molliri
585 3547 671 3609 victa
693 3553 871 3630 parentum.
1246 3549 1306 3628 605

136 3761 184 3810 586
207 3762 273 3822 quod
294 3776 397 3822 cumque
419 3759 501 3809 Lach.
525 3761 564 3807 sor
586 3772 768 3821 qaaecumque:
797 3757 915 3819 previous
937 3757 1033 3806 editors
1056 3757 1122 3808 have
1142 3773 1208 3820 gone
1231 3760 1310 3809 much

102 3849 200 3908 astray.
301 3845 349 3895 593
362 3842 424 3906 (and
440 3844 499 3904 607)
511 3845 623 3891 Eaimiir
639 3845 735 3892 Avanc.
750 3841 790 3889 for
806 3844 848 3889 Ea
865 3844 929 3892 imis.
967 3840 1025 3890 ‘Sic
1036 3856 1059 3890 v.
1072 3841 1090 3890 1.
1101 3856 1125 3890 o.
1135 3842 1267 3892 ...Marull
1279 3858 1310 3891 ex

103 3928 173 3988 Virg.
192 3925 238 3975 lib.
259 3927 282 3983 5,
300 3942 329 3975 aa
351 3928 417 3986 imis,
437 3927 528 3974 contra
547 3940 570 3974 v.
590 3925 631 3975 l.':
652 3924 697 3972 the
715 3927 826 3973 ‘veteres
843 3922 903 3971 libri
920 3923 1025 3972 omnea’
1042 3938 1084 3972 are
1101 3924 1163 3985 only
1178 3923 1224 3973 the
1243 3925 1308 3974 Ven.

103 4008 131 4056 in
150 4006 236 4056 which
255 4021 322 4055 were
341 4005 482 4064 Marullus’⁴
495 4019 544 4054 ms.
563 4009 652 4054 notes:
671 4005 735 4053 Ven.
754 4004 803 4053 has
822 4006 923 4053 Exime
940 4002 1024 4052 which
1042 4004 1094 4053 Gli.
1110 4005 1233 4067 probably
1249 4006 1310 4055 read

103 4092 232 4138 Eximiia:
254 4088 381 4138 Marullus
398 4088 509 4151 perhaps
525 4087 636 4137 referred
653 4091 681 4136 to
696 4087 763 4136 Aen.
782 4102 814 4136 111
830 4089 878 4139 577
891 4088 1021 4151 fundoque
1039 4095 1167 4137 exaestuat
1183 4091 1240 4147 imo,
1258 4089 1310 4138 and

104 4170 207 4218 divided
218 4169 263 4218 the
274 4168 360 4218 word:
376 4168 410 4217 he
420 4169 510 4218 makes
522 4184 556 4218 no
568 4169 668 4231 change
677 4168 706 4217 in
722 4169 776 4219 cod.
791 4169 889 4218 Victor.
1149 4170 1212 4219 601:
1229 4170 1309 4219 Lech.

105 4251 167 4299 with
186 4265 279 4300 reason
298 4265 422 4312 supposes
440 4263 456 4299 a
475 4265 546 4299 verse
563 4254 590 4299 to
606 4251 638 4299 be
654 4250 705 4299 lost
721 4251 790 4308 here,
809 4249 893 4298 which
908 4249 942 4299 he
959 4249 1020 4299 thus
1038 4251 1158 4314 supplies,
1175 4253 1309 4315 Mapaifice

105 4335 190 4383 dicam
213 4350 245 4383 ex
268 4336 331 4396 iptio
351 4333 519 4396 penetralibu’
536 4342 631 4383 vectam
648 4335 761 4383 Sedibus.
805 4334 896 4383 Lamb.
921 4333 995 4383 reads
1019 4335 1153 4382 Sublimem
1175 4333 1215 4381 lor
1238 4335 1308 4383 Sedi-

106 4417 157 4464 bus.
256 4415 305 4464 605
322 4417 418 4464 molliri
434 4415 506 4464 Nicc.
518 4416 586 4466 Flor.
602 4418 632 4465 31
645 4417 731 4466 Camb.
747 4417 787 4464 ior
803 4418 894 4466 nroliri.
996 4417 1043 4464 613
1055 4417 1135 4463 orbem
1146 4415 1222 4463 Pont.
1234 4415 1307 4464 Junt.

1147 4517 1248 4581 'l—h
