2842 4860
158 405 351 493 contingunt
375 404 481 470 mellis
504 404 592 469 dulci
615 404 763 489 flavoque
787 405 920 490 liquore,

159 517 196 574 ut
221 531 395 594 puerorum
422 516 511 573 aetas
537 507 706 593 inprovida
731 508 916 573 ludificetur

159 613 321 678 labrorum
344 622 451 690 tenus,
476 611 602 677 interea
624 606 775 697 perpotet
800 635 947 676 amarum

158 716 302 782 absinthi
324 716 455 780 laticem
478 715 678 799 deceptaque
704 736 769 778 non
793 715 949 800 capiatur,

160 822 216 887 sed
242 821 350 907 potius
373 819 434 886 tali
457 827 551 906 pacto
576 829 719 884 recreata
741 820 893 898 valescat,

160 925 205 990 sic
228 946 288 1011 ego
311 946 406 1001 nunc,
430 923 583 1009 quoniam
606 923 686 988 haec
709 925 792 989 ratio
816 925 1007 1010 plerumque
1030 925 1170 989 videtur

160 1029 282 1100 tristior
304 1050 373 1093 esse
397 1028 516 1113 quibus
539 1050 605 1091 non
631 1034 681 1092 est
705 1036 854 1106 tractata,
879 1036 1029 1113 retroque

160 1132 274 1218 volgus
300 1131 452 1194 abhorret
475 1130 518 1194 ab
541 1129 610 1207 hac,
637 1130 726 1194 volui
751 1129 814 1195 tibi
837 1129 1078 1215 suaviloquenti
1218 1142 1280 1212 945

161 1235 301 1299 carmine
322 1234 428 1298 Pierio
452 1233 611 1298 rationem
635 1256 793 1320 exponere
817 1242 960 1299 nostram

162 1346 196 1403 et
218 1337 311 1422 quasi
334 1359 465 1402 musaeo
490 1337 578 1401 dulci
604 1336 789 1422 contingere
813 1338 920 1415 melle,

161 1443 189 1507 si
211 1442 275 1506 tibi
297 1443 379 1507 forte
402 1441 549 1506 animum
570 1442 631 1506 tali
653 1442 779 1507 ratione
804 1450 915 1508 tenere

162 1545 306 1620 versibus
332 1544 368 1608 in
393 1543 511 1609 nostris
536 1566 671 1630 possem,
698 1544 778 1609 dum
801 1544 955 1631 perspicis
980 1567 1110 1610 omnem

162 1664 315 1720 naturam
336 1677 444 1720 rerum
466 1677 533 1741 qua
554 1662 680 1719 constet
702 1663 832 1740 compta
853 1654 967 1741 figura.
1219 1668 1286 1736 950

205 1759 271 1824 Sed
297 1759 452 1844 qnoniam
476 1758 571 1823 docui
595 1759 788 1824 solidissima
811 1760 959 1824 materiai

162 1885 293 1947 corpora
317 1871 474 1948 perpetuo
499 1863 635 1928 volitare
661 1863 784 1928 invicta
808 1885 868 1948 per
892 1886 1015 1942 aevom,

162 1987 248 2029 nunc
273 1987 341 2050 age,
365 1964 506 2030 summa-i
529 1965 687 2051 quaedam
710 1965 753 2030 sit
776 1965 850 2030 finis
876 1989 987 2032 eorum

162 2092 263 2135 necne
287 2071 340 2150 sit,
364 2071 569 2152 evolvamus3
592 2071 673 2135 item
696 2072 782 2156 quod
808 2071 904 2136 inane
929 2078 1126 2158 repertumst

162 2196 219 2239 seu
243 2175 331 2239 locus
354 2196 391 2238 ac
417 2173 568 2259 spatium,
592 2196 643 2238 res
668 2173 703 2238 in
727 2197 791 2260 quo
815 2198 962 2261 quaeque
985 2183 1149 2261 gerantur,
1215 2187 1277 2255 955

162 2276 388 2362 pervideamus
411 2285 522 2340 utrum
547 2276 676 2341 finitum
700 2277 848 2342 funditus
874 2299 969 2342 omne

163 2388 287 2446 constet
308 2402 351 2444 an
372 2381 568 2445 immensum
590 2389 702 2465 pateat
723 2390 879 2466 vasteque
904 2381 1110 2466 profundum.

207 2484 312 2549 Omne
334 2485 421 2571 quod
443 2492 492 2550 est
513 2485 615 2570 igitur
635 2486 726 2551 nulla
747 2487 877 2572 regione
899 2486 1025 2550 viarum

164 2587 344 2670 finitumst3
378 2612 521 2675 namque
545 2599 728 2657 extremum
755 2592 895 2656 debebat
919 2591 1048 2657 habere.

163 2702 346 2758 extremum
369 2716 464 2779 porro
485 2694 607 2759 nullius
629 2717 720 2780 posse
744 2695 874 2759 videtur
1220 2691 1286 2775 960

164 2819 241 2875 esse,
265 2797 329 2861 nisi
351 2797 438 2861 ultra
462 2797 505 2863 sit
528 2797 615 2883 quod
642 2797 756 2876 finiat;
790 2807 829 2862 ut
853 2798 1005 2863 videatur

164 2925 228 2987 quo
254 2924 319 2966 non
342 2902 470 2987 longius
494 2902 574 2967 haec
598 2924 709 2966 sensus
732 2909 851 2966 natura
874 2909 1037 2988 sequatur.

164 3028 252 3071 nunc
278 3014 371 3071 extra
396 3027 558 3070 summam
583 3005 738 3092 quoniam
762 3006 810 3069 nil
834 3028 903 3070 esse
929 3003 1109 3080 fatendum,

165 3110 354 3176 nonhabet
380 3119 571 3186 extremum,
598 3118 686 3175 earet
710 3133 785 3195 ergo
811 3110 876 3174 fine
900 3109 1069 3194 modoque.

164 3236 224 3279 nec
246 3213 345 3278 refert
368 3213 487 3298 quibus
510 3213 648 3278 adsistas
672 3213 857 3300 regionibus
881 3214 970 3292 eius3
1222 3210 1284 3292 965

165 3340 268 3404 usque
291 3317 380 3395 adeo,
407 3339 505 3402 quem
530 3317 667 3403 quisque
690 3317 798 3382 locum
822 3316 972 3402 possedit,
995 3317 1030 3380 in
1052 3314 1156 3380 omnis

164 3422 360 3486 tantundem
382 3419 484 3506 partis
509 3420 676 3485 infinitum
703 3443 798 3485 omne
822 3420 987 3506 relinquit.

166 3531 331 3609 praeterea
354 3522 382 3587 si
405 3522 472 3587 iam
498 3522 628 3586 finitum
652 3511 870 3588 constituatur

166 3648 260 3691 omne
282 3625 369 3710 qnod
392 3634 441 3690 est
463 3626 616 3711 spatium,
639 3626 739 3711 siquis
761 3635 927 3711 procurrat
952 3626 994 3690 ad
1018 3648 1088 3690 oras

166 3729 302 3795 ultimus
328 3737 488 3793 extremas
513 3729 674 3814 iaciatque
697 3729 828 3793 volatile
855 3729 968 3806 telum,
1222 3745 1288 3810 970

166 3832 199 3897 id
222 3831 338 3897 validis
361 3839 473 3896 utrum
496 3840 679 3897 contortum
703 3832 827 3896 viribus
851 3831 897 3896 ire

75 4039 195 4091 dulntius
205 4040 301 4088 animos
316 4037 385 4099 leges
394 4037 410 4087 ’.
443 4037 496 4087 But
513 4051 540 4088 1v
557 4040 572 4089 7
590 4039 701 4086 animum
714 4036 806 4088 Lamb.
843 4033 1054 4086 animoeGreech.
1155 4033 1287 4095 942pacto

75 4121 172 4172 Heius.
183 4119 213 4169 in
227 4134 277 4170 ms.
290 4122 365 4169 notes
376 4118 429 4169 and
439 4118 520 4168 Lech.
531 4117 628 4180 rightly
639 4118 679 4167 for
690 4120 772 4182 sacro.
849 4118 898 4168 954
914 4118 998 4165 Necte
1009 4119 1044 4164 sit
1055 4115 1131 4166 Pont.
1145 4113 1237 4163 Lamb.
1249 4113 1289 4162 for

75 4219 122 4254 aec
132 4204 178 4252 eit.
286 4201 333 4252 957
344 4207 463 4263 casteque
475 4200 545 4249 Nice.
558 4199 694 4262 corrupted
707 4199 763 4248 into
774 4201 901 4261 odurqee3
918 4197 961 4247 his
973 4198 1100 4247 follovers
1112 4197 1223 4257 adusque
1234 4193 1291 4242 into

75 4287 117 4336 vel
127 4285 256 4345 adaequa
272 4297 309 4344 or,
323 4297 353 4333 as
364 4283 430 4334 Mar.
444 4298 527 4345 marg.
539 4283 607 4334 Flor.
622 4284 653 4331 32
665 4282 723 4331 Alc.
736 4282 820 4340 June,
829 4282 939 4344 patefiat
950 4282 984 4329 ad
995 4294 1081 4342 reque.
1151 4276 1199 4327 966
1210 4277 1289 4324 omnic

75 4367 147 4419 Nice.
161 4366 203 4415 for
214 4380 308 4417 omnus.
420 4367 468 4416 971
486 4366 519 4414 ld
530 4366 624 4415 validis
635 4364 724 4415 Lamb.
741 4364 799 4413 first
811 4364 851 4412 sor
862 4363 1001 4412 Invalida.
1034 4360 1104 4409 Flor.
1117 4360 1149 4408 32
1160 4357 1212 4408 end
1223 4357 1289 4408 Mar.
