2842 4860
753 208 770 270 I

245 383 279 440 te
301 373 449 459 sequitur
470 371 586 456 cupide
608 392 673 454 quo
695 391 858 455 quamque
881 368 1033 433 inducere
1055 367 1170 453 pergis.

244 478 385 562 denique
406 498 465 561 per
486 474 589 538 maria
611 496 648 538 ac
671 473 791 537 montis
813 472 992 556 fluviosque
1014 471 1138 556 rapacis
1162 486 1167 510 '

245 581 498 666 frondiferasque
521 580 632 643 domos
656 578 767 642 avium
790 599 983 662 camposque
1004 575 1139 641 virentis

247 686 396 750 omnibus
418 682 580 749 incutiens
601 682 759 746 blandum
781 703 839 765 per
860 688 990 765 pectora
1011 701 1153 744 amorem

247 790 346 855 efficis
367 798 406 854 ut
429 789 546 874 cupide
566 788 747 874 generatim
768 787 872 850 saecla
891 793 1078 871 propagent.

247 916 331 978 quae
353 893 509 979 quoniam
531 915 639 957 rerum
661 900 813 956 naturam
836 892 903 956 sola
924 890 1085 977 gubernas

247 1019 306 1062 nec
329 997 398 1062 sine
420 1003 454 1062 te
475 995 650 1080 quicquam
672 995 742 1058 dias
764 994 799 1057 in
821 992 954 1058 luminis
976 1015 1046 1057 oras

248 1099 391 1164 exoritur
412 1096 519 1184 neque
541 1098 580 1162 fit
603 1097 727 1162 laetum
749 1118 856 1180 neque
878 1094 1018 1160 amabile
1040 1094 1222 1180 quicquam,

247 1210 281 1266 te
303 1201 422 1266 sociam
445 1200 560 1265 studeo
583 1198 758 1264 scribendis
780 1198 926 1263 versibus
948 1220 1016 1262 esse

247 1325 327 1388 quos
349 1325 407 1387 ego
430 1303 471 1366 de
492 1324 601 1366 rerum
623 1310 742 1366 natura
763 1323 904 1386 pangere
926 1322 1022 1365 001101

248 1407 465 1472 Memmiadae
484 1415 601 1484 nostro,
620 1428 718 1491 quem
740 1414 788 1482 tu,
808 1406 877 1484 dea,
898 1413 1043 1489 tempore
1062 1405 1096 1468 in
1116 1404 1204 1468 omni

248 1511 398 1576 omnibus
421 1519 572 1575 ornatum
592 1510 724 1575 voluisti
747 1510 903 1574 excellere
921 1509 1025 1573 rebus

249 1637 313 1701 quo
331 1614 434 1700 magis
454 1622 623 1678 aeternum
645 1613 687 1678 da
705 1613 807 1691 dictis,
828 1613 912 1693 diva,
936 1615 1086 1698 leporem.

248 1720 337 1785 effice
358 1728 396 1784 ut
416 1720 541 1784 interea
558 1721 627 1783 fera
646 1740 798 1782 moenera
815 1718 945 1782 militiai

248 1846 305 1908 per
327 1823 429 1887 maria
451 1844 488 1887 ac
510 1830 611 1887 terras
634 1822 738 1886 omnis
761 1821 867 1906 sopita
889 1821 1065 1906 quiescant.

248 1950 324 1991 nam
342 1937 380 1991 tu
400 1927 467 1992 sola
487 1934 579 2011 potes
600 1926 777 2012 tranquilla
796 1948 874 2010 pace
895 1927 1007 1991 iuvare

248 2032 404 2109 mortalis,
424 2033 578 2117 quoniam
598 2032 676 2096 belli
698 2032 767 2095 fera
785 2053 935 2095 moenera
955 2032 1082 2096 Mavors

248 2134 447 2219 armipotens
470 2135 563 2220 regit,
586 2134 621 2197 in
642 2133 804 2218 gremium
826 2134 883 2217 qui
906 2156 1001 2218 saepe
1024 2141 1118 2197 tuum
1141 2155 1175 2197 se

248 2237 342 2302 reicit
361 2244 494 2302 aeterno
515 2236 661 2302 devictus
680 2238 814 2301 vulnere
832 2236 959 2313 01110110,

247 2350 346 2426 atque
367 2341 414 2405 ita
432 2341 608 2426 suspiciens
628 2341 726 2404 tereti
746 2339 870 2405 cervice
891 2348 1021 2426 reposta

248 2446 350 2530 pascit
371 2467 481 2509 amore
503 2444 613 2508 avidos
635 2443 765 2508 inhians
787 2443 821 2506 in
844 2452 888 2524 te,
912 2443 981 2524 dea,
1003 2444 1101 2520 visus,

248 2571 331 2633 eque
351 2556 409 2613 tuo
431 2547 551 2632 pendet
573 2546 719 2631 resupini
740 2546 873 2631 spiritus
894 2569 956 2613 010.

248 2652 336 2716 huno
356 2659 405 2730 tu,
427 2651 510 2729 diva,
533 2658 591 2714 tuo
612 2651 822 2714 recubantem
845 2673 973 2735 corpore
995 2659 1105 2715 sancto

248 2754 441 2818 circumfusa
463 2776 568 2838 super,
593 2753 701 2817 suavis
724 2775 764 2816 ex
787 2775 840 2818 010
863 2752 1019 2838 loquellas

249 2856 348 2921 funde
370 2864 485 2941 petens
506 2855 668 2941 placidam
691 2856 855 2932 Romania,
877 2854 1011 2935 incluta,
1035 2878 1155 2940 pacem.
1326 2877 1371 2938 40

250 2983 326 3024 nam
344 2982 451 3046 neque
470 2982 529 3024 nos
546 2982 640 3044 agere
658 2959 718 3024 hoc
739 2960 858 3045 patriai
874 2969 1021 3045 tempore
1044 2961 1157 3045 iniquo

163 3220 295 3283 quodque:
316 3217 371 3268 this
390 3217 521 3268 Victorius
538 3218 566 3267 in
587 3218 630 3268 his
648 3234 713 3282 copy
735 3220 764 3269 01
786 3220 923 3270 Marullus’
941 3219 1098 3269 corrections
1115 3220 1174 3270 first
1190 3224 1269 3271 wrote
1285 3220 1368 3282 down,

164 3297 217 3347 and
239 3296 389 3352 afterwards
411 3296 508 3360 erased,
527 3298 637 3348 because
656 3299 670 3348 I
692 3313 811 3361 presumo
828 3299 872 3350 the
893 3299 947 3348 11110
964 3299 993 3348 01
1013 3298 1057 3348 the
1077 3300 1186 3351 Juntine
1205 3299 1329 3350 rendered
1350 3299 1372 3349 it

164 3393 350 3440 unneoessary:
368 3392 384 3427 a
399 3379 489 3439 strong
508 3378 652 3427 indication
666 3378 725 3429 that
741 3380 774 3429 he
791 3384 836 3443 got
849 3380 903 3429 this
916 3396 941 3430 v.
958 3380 1143 3431 nominata
1162 3397 1228 3444 copy
1243 3382 1271 3431 of
1285 3381 1372 3430 which

126 3482 129 3487 ⁴
163 3475 222 3509 now
238 3460 268 3509 111
286 3459 332 3509 the
348 3457 457 3508 Munich
472 3459 570 3522 library
585 3458 620 3509 lie
636 3460 685 3509 hae
701 3460 772 3510 filled
793 3461 856 3512 with
877 3461 1007 3511 elaborate
1028 3464 1104 3512 110100
1124 3463 1153 3512 01
1170 3463 1214 3513 his
1234 3477 1306 3512 own:
1328 3463 1372 3512 his

164 3542 274 3606 spelling
290 3546 335 3592 too
351 3541 380 3590 01
394 3544 489 3590 omneis
506 3542 535 3590 in
550 3541 593 3591 his
610 3543 705 3592 second
721 3558 786 3605 copy
802 3544 831 3593 of
851 3543 916 3592 Ven.
934 3543 1016 3593 shews
1033 3543 1067 3593 he
1084 3545 1146 3594 took
1162 3545 1183 3594 it
1200 3545 1266 3593 110111
1283 3545 1371 3603 Junt.;

163 3640 193 3677 as
210 3626 345 3675 Pontanus
363 3622 416 3673 and
433 3624 560 3673 Marullus
576 3625 708 3687 recognise
725 3625 787 3688 only
804 3641 839 3675 -es
859 3640 888 3676 or
906 3627 946 3676 -ia
982 3625 1067 3687 Again
1086 3625 1231 3676 Lambinus
1246 3625 1304 3676 who
1321 3625 1372 3675 evi·

163 3706 253 3768 dently
269 3704 322 3755 had
338 3718 423 3754 aceees
441 3707 467 3753 to
482 3719 531 3755 ms.
550 3707 625 3754 notes
639 3708 666 3755 01
679 3706 814 3756 Pontanus
830 3720 860 3756 as
876 3704 962 3756 stated
976 3706 1066 3765 above,
1084 3721 1144 3769 says
1160 3706 1296 3769 distinctly
1312 3707 1340 3755 in
1356 3722 1372 3756 a

164 3793 274 3851 passage
291 3785 398 3848 already
415 3786 510 3847 quoted
526 3786 555 3835 in
571 3802 597 3849 p.
615 3790 631 3836 8
649 3792 748 3849 ‘neque
764 3801 824 3837 eum
846 3787 995 3849 Naugerius
1018 3803 1100 3850 neque
1122 3789 1257 3838 Pantanus
1277 3788 1372 3838 habue-

118 3909 122 3915 .
165 3869 256 3919 runt’:
273 3867 343 3918 what
353 3867 388 3916 he
410 3866 482 3916 there
500 3882 560 3931 says
580 3869 608 3917 01
624 3870 752 3919 Marullus
772 3870 795 3920 is
817 3885 887 3920 mere
908 3873 1003 3932 repert.
1036 3871 1107 3922 Nice.
1129 3871 1182 3921 and
1201 3871 1246 3921 the
1262 3872 1374 3922 Italiens

165 3949 263 4012 having
280 3948 399 4011 changed
414 3947 443 3997 in
461 3950 492 3998 16
509 3965 632 4013 quamque
653 3950 710 3999 into
731 3967 828 4015 cunque
848 3951 902 4002 had
921 3953 1045 4004 rendered
1061 3953 1106 4004 the
1122 3957 1243 4005 sentence
1259 3955 1373 4005 unintel-

164 4032 252 4096 ligible
264 4030 374 4080 without
386 4045 457 4080 some
468 4030 593 4084 addition.
695 4034 726 4083 16
738 4038 824 4098 pergis
836 4035 907 4084 Nice.
918 4034 942 4083 A
952 4051 1016 4086 corr.
1029 4038 1077 4086 eto.
1089 4037 1129 4087 101
1141 4040 1224 4100 101ρὶ0.

215 4117 247 4167 27
264 4120 381 4163 ornatum
398 4113 420 4161 Α
438 4127 502 4164 0011.
522 4113 639 4164 Priscian
657 4118 705 4164 eto.
724 4116 765 4166 101
781 4119 915 4167 orclatum.
1030 4120 1062 4168 32
1074 4121 1136 4182 feru
1151 4135 1264 4170 moeroeru
1279 4119 1373 4169 Lamb.

165 4197 205 4247 101
216 4198 300 4259 seram
317 4211 399 4246 msera.
435 4197 536 4245 moenia
553 4196 725 4248 scholiastes
746 4198 857 4251 Statius.
964 4200 1171 4264 8310911111οο
1206 4202 1376 4252 scholiastes

166 4277 267 4330 Statius
284 4278 324 4326 101
340 4280 444 4340 regium.
544 4279 720 4330 asseratis
736 4280 808 4332 eote
1004 4281 1015 4304 ¹
1039 4280 1111 4335 niso.
1130 4283 1220 4343 (lamb.
1238 4285 1375 4335 Pontanus

167 4363 215 4412 eto.
270 4362 391 4410 devictus.
418 4362 547 4412 devinctus
556 4362 728 4415 Pontlramb.
1149 4366 1182 4417 aa
1196 4365 1267 4417 Nice.
1276 4365 1375 4430 rightly
