2842 4860
724 212 758 275 ΙΙ

225 384 325 460 atque
347 375 420 439 ideo
442 375 580 439 transire
601 374 759 438 foramina
780 396 863 459 quae
886 375 1002 460 nequit
1022 374 1107 460 ignis

226 487 334 543 noster
355 477 408 542 hic
431 499 450 541 e
471 477 568 564 lignis
590 485 681 542 ortus
703 478 864 563 taedaque
886 488 1020 542 creatus.

226 588 392 665 praeterea
413 580 524 643 lumen
545 600 604 664 per
625 601 757 644 cornum
780 580 907 657 transit,
927 590 962 644 at
983 581 1089 646 imber

226 682 397 767 respuitur.
442 688 565 767 quare?
589 682 652 747 nisi
674 683 808 748 luminis
830 684 887 747 illa
908 685 1034 748 minora

226 809 357 872 corpora
372 795 449 850 sunt
463 808 561 870 quam
576 786 617 850 de
632 785 750 870 quibus
766 794 816 850 est
830 786 936 871 liquor
950 788 1055 852 almus
1069 809 1235 873 aquarum.

226 898 261 954 et
283 889 431 974 quamvis
452 889 560 953 subito
582 911 641 974 per
661 889 768 953 colum
790 889 867 953 vina
888 891 1037 955 videmus
1286 909 1346 972 391

225 993 402 1078 perfluere;
428 1002 464 1056 at
485 1002 598 1057 contra
619 993 750 1056 tardum
772 1002 946 1057 cunctatur
967 994 1094 1071 olivom,

223 1105 282 1160 aut
304 1096 381 1181 quia
403 1096 559 1160 nimirum
581 1095 757 1160 maioribus
779 1105 829 1160 est
851 1097 1022 1162 elementis

226 1211 285 1266 aut
308 1201 411 1288 magis
433 1200 574 1265 hamatis
596 1201 683 1266 inter
704 1223 738 1265 se
759 1224 881 1287 perque
903 1203 1040 1286 plicatis,

226 1313 326 1390 atque
348 1305 420 1369 ideo
443 1304 481 1368 fit
504 1304 555 1367 uti
577 1326 641 1367 non
663 1312 732 1367 tam
755 1304 889 1369 diducta
910 1314 1043 1390 repente
1286 1325 1347 1391 395

225 1408 312 1472 int-er
333 1430 367 1472 se
390 1407 514 1492 possint
536 1407 711 1492 primordia
733 1408 862 1494 singula
882 1431 1030 1494 quaeque

227 1511 354 1595 singula
375 1532 434 1595 per
455 1509 611 1595 cuiusque
633 1509 792 1574 foramina
813 1532 1010 1596 permanare.

271 1616 347 1679 Huc
369 1615 494 1680 accedit
516 1616 568 1678 uti
589 1615 695 1680 mellis
717 1616 875 1701 lactisque
898 1616 1038 1702 liquores

228 1718 368 1783 iucundo
391 1739 488 1782 sensu
510 1718 641 1802 linguae
664 1726 848 1783 tractentur
870 1720 905 1783 in
927 1743 1001 1799 ore;

229 1831 263 1886 at
286 1831 398 1887 contra
419 1831 526 1886 taetra
547 1823 691 1887 absinthi
713 1832 831 1888 natura
852 1825 976 1909 ferique

230 1928 377 1994 centauri
398 1928 492 1992 foedo
513 1935 725 2012 pertorquent
747 1948 803 1992 ora
824 1951 954 2013 sapore;

230 2042 268 2097 ut
291 2032 383 2096 facile
405 2053 558 2116 agnoscas
580 2053 598 2096 e
621 2031 748 2096 levibus
770 2040 869 2116 atque
891 2031 1044 2096 rutundis

230 2159 298 2202 esse
321 2158 464 2222 eaquae
487 2157 600 2200 sensus
622 2136 764 2200 iucunde
786 2146 920 2222 tangere
943 2144 1087 2222 possunt,

231 2250 267 2305 at
289 2249 400 2305 contra
421 2262 504 2325 quae
527 2262 637 2303 amara
658 2248 759 2325 atque
781 2261 895 2325 aspera
916 2264 1056 2327 cumque
1079 2243 1241 2321 videntur,

231 2343 311 2407 haec
333 2342 436 2427 magis
458 2341 599 2405 hamatis
620 2342 707 2407 inter
728 2364 763 2406 se
784 2364 869 2407 nexa
891 2344 997 2409 teneri
1288 2364 1351 2430 405

232 2453 466 2531 proptereaque
488 2444 589 2509 solere
612 2443 681 2509 vias
704 2445 884 2510 rescindere
905 2447 1023 2512 nostris

232 2548 379 2614 sensibus
401 2548 602 2633 introituque
625 2571 683 2613 suo
704 2571 913 2636 perrumpere
936 2573 1059 2636 corpus.

277 2651 397 2717 Omnia
418 2659 579 2736 postremo
601 2651 686 2716 bona
708 2654 854 2718 sensibus
877 2662 911 2718 et
933 2656 1019 2719 mala
1041 2663 1132 2720 tactu

234 2754 383 2820 dissimili
404 2755 490 2819 inter
511 2776 545 2818 se
567 2764 715 2840 pugnant
737 2758 880 2841 perfecta
902 2757 1024 2843 figura;

234 2882 274 2923 ne
297 2867 334 2923 tu
356 2859 440 2922 forte
462 2867 558 2943 putes
580 2881 686 2924 serrae
707 2861 875 2926 stridentis
897 2862 1049 2926 acerbum
1290 2885 1356 2947 410

235 2963 395 3026 horrorem
418 2970 563 3026 constare
585 2962 755 3028 elementis
776 2964 902 3028 levibus
924 2987 1027 3049 aeque

235 3088 272 3130 ac
294 3087 425 3130 musaea
447 3065 540 3142 mele,
563 3086 622 3149 per
643 3065 776 3129 chordas
799 3066 941 3152 organici
964 3090 1047 3152 quae

236 3169 410 3233 mobilibus
431 3167 544 3254 digitis
566 3171 791 3254 expergefacta
814 3169 973 3254 figurant3

236 3295 300 3336 neu
322 3271 421 3335 simili
443 3279 614 3356 penetrare
635 3280 732 3356 putes
754 3272 929 3357 primordia
950 3274 1052 3336 forma

236 3376 271 3439 in
293 3397 386 3438 nares
408 3374 586 3451 hominum,
609 3397 683 3438 cum
706 3383 812 3440 taetra
833 3377 988 3441 cadavera
1009 3385 1145 3455 torrent,
1291 3396 1355 3462 415

237 3487 271 3543 et
293 3500 366 3542 cum
390 3499 485 3541 scena
507 3500 596 3542 croco
619 3478 715 3543 Cilici
738 3479 868 3562 perfusa
889 3501 999 3544 recens
1021 3487 1072 3543 est

237 3603 355 3667 araque
378 3581 562 3646 Panchaeos
584 3582 715 3646 exhalat
737 3591 868 3668 propter
890 3584 1019 3663 odores;

237 3707 317 3750 neve
339 3684 439 3749 bonos
460 3707 566 3748 rerum
591 3685 689 3749 simili
711 3697 857 3752 constare
882 3688 1000 3752 colores

236 3788 358 3853 semine
381 3787 567 3866 constituas,
590 3789 697 3853 oculos
719 3791 775 3875 qui
797 3813 927 3875 pascere
949 3801 1094 3876 possunt,

129 3972 133 3977 .
236 3892 350 3979 etqui
372 3901 583 3978 conpungunt
606 3893 708 3957 aciem
732 3894 961 3979 lacrimareque
984 3904 1104 3979 cogunt
1292 3918 1360 3979 420

151 4088 228 4131 ortos.
263 4086 321 4128 orto
331 4076 425 4128 Lech:
443 4091 566 4138 compvr
582 4079 630 4128 909
644 4080 680 4141 fit
697 4085 776 4136 ortus,
787 4078 840 4128 and
851 4079 924 4129 1141.
1022 4081 1356 4136 390almusBcorr.Brix.

151 4161 227 4210 Pont.
239 4162 320 4210 amnia
332 4159 396 4208 Mar.
408 4159 448 4207 for
459 4160 560 4208 alimus.
626 4159 813 4222 aeuumque.
849 4161 987 4224 coitusque
999 4161 1087 4210 Bruno
1100 4162 1326 4229 (Harburg1872).

185 4245 232 4292 401
244 4241 341 4293 ‘oratio
352 4241 437 4290 lenius
449 4240 574 4299 decurret,
587 4241 609 4290 si
621 4242 761 4291 scribemus
770 4250 941 4305 pertorqucat.
954 4244 998 4294 sed
1008 4246 1094 4308 potest
1105 4245 1166 4294 ferri
1179 4254 1343 4309 pertorquent
1354 4250 1359 4270 '

150 4325 230 4374 Laoh.
329 4326 376 4373 403
389 4325 495 4372 iocunde
508 4331 609 4384 torpere
621 4323 689 4371 Nico.
703 4325 742 4372 for
754 4326 873 4373 iucrordet
886 4333 974 4374 lucere.
1073 4328 1121 4374 413
1139 4329 1275 4376 Mobilibus
1291 4329 1359 4378 Poli-
