2842 4860
139 401 198 444 nec
220 380 341 445 totiens
362 381 487 465 possint
506 381 691 468 generatim
713 382 818 446 saecla
840 382 958 447 referre

140 491 291 548 naturam
313 505 417 549 mores
438 485 563 550 victum
585 493 757 570 motusque
779 494 963 571 parentum.

183 588 268 653 Tum
288 608 382 672 porro
405 589 559 673 quoniam
582 596 631 652 est
653 597 837 653 extremum
860 589 1011 674 quodque
1034 611 1189 656 cacumen

387 769 392 776 .
648 709 668 750 6

141 795 279 879 corporis
300 794 389 860 illius
410 797 497 881 quod
518 795 622 860 nostri
643 818 773 862 cernere
795 819 909 861 sensus
1198 801 1265 864 600

142 898 207 962 iam
229 908 415 984 nequeunt:
447 899 481 964 id
503 899 659 965 nimirum
681 901 752 966 sine
773 901 922 985 partibus
944 908 1036 966 extat

142 1009 177 1066 et
198 1001 336 1066 minima
358 1010 484 1068 constat
505 1010 624 1067 natura
645 1025 706 1067 nec
728 1002 792 1068 fuit
813 1025 971 1088 umquam

142 1126 200 1188 per
221 1127 255 1170 se
277 1114 437 1170 secretum
460 1128 566 1191 neque
588 1106 723 1192 posthac
745 1129 814 1171 esse
836 1107 966 1184 valebit,

143 1208 275 1272 alterius
297 1209 483 1293 quoniamst
504 1209 612 1294 ipsum
633 1231 716 1294 pars,
738 1209 909 1294 primaque
930 1217 966 1276 et
988 1233 1054 1276 una

143 1311 219 1375 inde
241 1311 323 1376 aliae
346 1320 445 1396 atque
467 1313 549 1376 aliae
571 1311 694 1376 similes
715 1334 756 1377 ex
778 1312 889 1377 ordine
911 1322 1021 1398 partes
1199 1319 1260 1398 605

143 1415 272 1500 agmine
294 1416 453 1480 condenso
474 1424 626 1481 naturam
648 1417 787 1502 corporis
809 1417 951 1502 explent,

144 1540 226 1602 quae
248 1520 401 1604 quoniam
425 1542 484 1606 per
505 1543 539 1585 se
562 1530 732 1606 nequeunt
750 1518 913 1602 constare,
933 1531 1094 1588 necessest

143 1622 275 1688 haerere
296 1623 383 1688 unde
406 1631 527 1708 queant
548 1625 640 1689 nulla
660 1626 786 1690 ratione
808 1625 929 1692 revelli.

144 1734 221 1792 sunt
242 1727 344 1813 igitur
364 1728 467 1792 solida
488 1728 664 1814 primordia
685 1728 896 1815 simplicitate

144 1851 227 1914 quae
248 1831 392 1896 minimis
414 1831 536 1916 stipata
557 1832 730 1898 cohaerent
752 1834 900 1918 partibus
921 1842 1001 1911 arte,

143 1956 208 1997 non
230 1955 271 1998 ex
293 1934 423 1998 illarum
446 1943 607 2000 conventu
629 1935 808 2014 conciliata,

144 2037 200 2102 sed
221 2039 325 2125 magis
346 2047 479 2104 aeterna
499 2039 657 2125 pollentia
678 2040 895 2125 simplicitate,

143 2141 230 2206 unde
251 2164 357 2227 neque
377 2142 474 2208 avelli
495 2143 670 2228 quicquam
688 2165 794 2229 neque
815 2144 966 2209 deminui·
981 2145 1047 2210 iam

143 2246 289 2311 concedit
306 2254 425 2311 natura
445 2269 611 2312 reservans
629 2249 756 2312 semina
775 2250 882 2315 rebus

142 2357 310 2434 praeterea
327 2350 390 2415 nisi
408 2352 471 2418 erit
488 2352 670 2430 minimum,
689 2353 880 2441 parvissima
899 2375 1047 2440 quaeque

143 2476 273 2539 corpora
294 2456 489 2521 constabunt
511 2479 552 2522 ex
574 2458 721 2542 partibus
742 2457 887 2536 infinitis,

142 2559 262 2645 quippe
284 2560 341 2624 ubi
363 2555 517 2626 dimidiae
539 2562 642 2647 partis
663 2584 738 2647 pars
760 2584 887 2647 semper
909 2563 1045 2629 habebit

143 2663 312 2728 dimidiam
333 2676 461 2750 partem
482 2688 543 2731 nec
564 2689 615 2731 res
637 2665 807 2750 praefiniet
829 2666 904 2732 ulla

143 2789 218 2852 ergo
240 2791 347 2833 rerum
370 2769 456 2835 inter
478 2792 640 2835 summam
662 2770 898 2856 minimamque
921 2770 1001 2857 quid
1023 2771 1126 2838 escit?

142 2872 189 2934 nil
211 2873 273 2936 erit
294 2882 333 2937 ut
354 2873 475 2952 distet3
503 2895 580 2938 nam
603 2874 751 2958 quamvis
772 2874 922 2938 funditus
944 2874 1049 2939 omnis
1198 2877 1264 2941 620

142 2999 268 3040 summa
290 2977 334 3042 sit
354 2977 493 3055 infinita,
516 2987 634 3056 tamen,
656 2977 848 3064 parvissima
870 3001 952 3064 quae
974 2987 1061 3056 sunt,

142 3104 182 3145 ex
203 3081 341 3145 infinitis
363 3083 558 3146 constabunt
579 3081 727 3166 partibus
749 3104 860 3168 aeque.

142 3184 228 3270 quod
250 3184 403 3270 quoniam
424 3184 507 3249 ratio
529 3185 685 3249 reclama-t
697 3167 784 3250 'vera
805 3193 968 3271 negatque

105 3377 255 3428 see-634:
277 3376 331 3427 this
347 3392 455 3440 passage
470 3377 557 3428 which
577 3378 601 3428 is
618 3378 735 3440 difficult,
758 3378 806 3429 but
825 3381 873 3429 not
894 3381 1007 3442 corrupt,
1030 3377 1080 3428 has
1102 3378 1168 3429 been
1189 3380 1264 3444 sadly

54 3459 194 3510 mutilated
214 3459 249 3522 by
270 3460 306 3510 all
325 3460 421 3510 editors
436 3461 504 3511 from
522 3460 667 3510 Lambinus
682 3464 709 3511 to
725 3461 881 3510 Lachmann
897 3459 951 3510 and
964 3461 1090 3523 Bernays,
1108 3460 1166 3511 who
1182 3463 1219 3511 all
1234 3462 1264 3511 in

55 3542 176 3592 different
192 3555 262 3605 ways
280 3542 350 3592 force
368 3559 403 3592 on
418 3543 555 3593 Lucretius
574 3559 590 3594 a
612 3543 759 3594 succession
778 3545 807 3593 61
823 3543 920 3594 absurd
939 3542 992 3593 and
1012 3543 1265 3608 solt-contradictory

54 3624 206 3675 assertione.
240 3624 323 3674 There
339 3639 422 3675 seems
436 3625 503 3676 after
520 3627 568 3677 599
585 3629 613 3676 to
628 3625 661 3676 be
678 3641 694 3676 a
712 3627 802 3676 hiatus
819 3626 884 3676 such
901 3641 931 3676 as
950 3626 1005 3675 this
1026 3627 1184 3690 Corporibus,
1199 3629 1265 3689 quod

54 3710 109 3758 iam
124 3709 195 3756 nobie
210 3709 341 3757 minimam
357 3723 408 3757 aare
424 3709 533 3765 videtur,
550 3709 631 3758 Debet
647 3710 707 3757 item
728 3711 827 3758 ratione
847 3710 918 3771 part·
930 3709 1060 3757 minimum
1082 3723 1132 3757 esse
1149 3723 1265 3757 cacumen

57 3791 175 3852 Corporis
194 3791 259 3839 cet:
276 3789 377 3838 besides
396 3788 450 3838 this
467 3791 572 3838 illarum
589 3789 630 3839 161
648 3791 751 3839 illorum
767 3789 796 3838 in
813 3790 861 3839 611
878 3788 902 3838 16
918 3789 963 3838 the
980 3789 1034 3838 sole
1050 3787 1149 3851 change
1166 3789 1180 3838 I
1198 3788 1265 3840 have

55 3872 140 3931 made,
156 3875 207 3922 two
222 3887 252 3920 61
266 3871 339 3921 three
354 3871 434 3934 slight
451 3871 504 3922 and
519 3872 626 3921 obvious
637 3887 721 3922 errore
732 3871 761 3920 61
775 3872 820 3920 AB
836 3871 934 3933 having
947 3872 1014 3920 been
1028 3870 1158 3920 corrected
1173 3870 1202 3920 in
1219 3872 1265 3922 the

54 3956 121 4005 later
132 3969 196 4005 mss.
210 3969 239 4003 or
254 3953 325 4004 older
339 3953 463 4004 editions:
483 3956 531 4006 599
546 3955 587 4004 161
598 3956 718 4017 quoniam
731 3954 812 4005 Lach.
829 3957 957 4017 quianam,
970 3953 1049 4002 Bern.
1061 3954 1127 4016 qaod
1137 3954 1200 4002 iam:
1216 3954 1265 4004 600

55 4038 96 4088 161
106 4039 179 4086 illiue
190 4036 270 4086 Iraoh.
282 4035 335 4085 and
345 4036 422 4086 Bern.
436 4038 524 4087 allius.
538 4037 630 4086 Lamb.
641 4040 761 4100 quoniam
775 4045 826 4087 act.
839 4039 976 4100 quatioque
987 4051 1009 4087 c.
1025 4038 1082 4086 Cor.
1095 4043 1131 4084 ert
1142 4037 1263 4099 aliquod:

54 4121 104 4170 611
120 4117 200 4169 Lach.
217 4120 326 4167 allorum
342 4117 408 4167 after
424 4117 482 4167 ald.
501 4119 515 4166 1
533 4118 606 4169 Junt.
627 4118 718 4169 Lamb.
739 4120 803 4168 eta:
826 4119 874 4168 626
894 4117 946 4167 and
966 4119 1012 4168 631
1033 4117 1125 4167 Lamb.
1148 4118 1265 4169 followed

54 4204 89 4266 by
100 4202 138 4252 all
148 4201 306 4262 subsequent
316 4199 412 4249 editors
423 4200 568 4263 perversely
578 4199 654 4249 reads
664 4203 692 4249 ni
704 4201 744 4250 161
755 4202 787 4258 si,
799 4202 885 4249 maltis
897 4199 937 4248 161
947 4201 1034 4250 callia.
1136 4199 1183 4249 608
1191 4202 1265 4251 66116

51 4286 124 4336 Fler.
137 4285 167 4333 31
180 4283 238 4334 Ver.
251 4282 315 4332 Ven
329 4283 376 4332 etc.
388 4282 429 4331 161
439 4283 503 4332 alla.
536 4290 566 4332 at
577 4290 703 4346 nequeant
713 4286 769 4334 alla
784 4285 807 4333 B
819 4298 883 4332 corr.
895 4281 982 4332 which
992 4296 1054 4345 may
1063 4281 1095 4331 be
1105 4280 1182 4344 right.

104 4367 152 4418 613
170 4367 223 4415 iam
237 4365 306 4416 Flor.
327 4367 357 4415 61
372 4365 429 4416 Ver.
446 4365 509 4417 Van.
529 4369 578 4416 etc.
595 4367 635 4416 161
651 4374 711 4416 tam.
794 4366 842 4416 626
860 4372 971 4415 constent
989 4363 1047 4414 Ald.
1067 4363 1264 4416 16661666
