<?xml version="1.0" encoding="UTF-8"?>
<!DOCTYPE html PUBLIC "-//W3C//DTD XHTML 1.0 Transitional//EN"
    "http://www.w3.org/TR/xhtml1/DTD/xhtml1-transitional.dtd">
<html xmlns="http://www.w3.org/1999/xhtml" xml:lang="en" lang="en">
 <head>
  <title>
</title>
<meta http-equiv="Content-Type" content="text/html;charset=utf-8" />
  <meta name='ocr-system' content='tesseract 3.04.00' />
  <meta name='ocr-capabilities' content='ocr_page ocr_carea ocr_par ocr_line ocrx_word'/>
</head>
<body>
  <div class='ocr_page' id='page_1' title='image "./tlucreticarider01munrgoog_0219.png"; bbox 0 0 2820 4836; ppageno 0'>
   <div class='ocr_carea' id='block_1_1' title="bbox 500 765 1017 843">
    <p class='ocr_par' dir='ltr' id='par_1_1' title="bbox 500 765 1017 843">
     <span class='ocr_line' id='line_1_1' title="bbox 500 765 1017 843; baseline 0.006 -5"><span class='ocrx_word' id='word_1_1' title='bbox 500 765 540 838; x_wconf 89' lang='grc' dir='ltr'>Τ.</span> <span class='ocrx_word' id='word_1_2' title='bbox 589 765 832 841; x_wconf 84' lang='lat' dir='ltr'>LUORETI</span> <span class='ocrx_word' id='word_1_3' title='bbox 879 765 1017 843; x_wconf 82' lang='lat' dir='ltr'><strong>CARI</strong></span> 
     </span>
    </p>
   </div>
   <div class='ocr_carea' id='block_1_2' title="bbox 387 1020 1136 1107">
    <p class='ocr_par' dir='ltr' id='par_1_2' title="bbox 387 1020 1136 1107">
     <span class='ocr_line' id='line_1_2' title="bbox 387 1020 1136 1107; baseline 0.004 -5"><span class='ocrx_word' id='word_1_4' title='bbox 387 1020 476 1103; x_wconf 91' lang='lat' dir='ltr'>DE</span> <span class='ocrx_word' id='word_1_5' title='bbox 534 1021 783 1105; x_wconf 87' lang='lat' dir='ltr'>RERUM</span> <span class='ocrx_word' id='word_1_6' title='bbox 844 1021 1136 1107; x_wconf 83' lang='lat' dir='ltr'><strong>NATURA</strong></span> 
     </span>
    </p>
   </div>
   <div class='ocr_carea' id='block_1_3' title="bbox 580 1308 938 1378">
    <p class='ocr_par' dir='ltr' id='par_1_3' title="bbox 580 1308 938 1378">
     <span class='ocr_line' id='line_1_3' title="bbox 580 1308 938 1378; baseline 0.006 -13"><span class='ocrx_word' id='word_1_7' title='bbox 580 1308 710 1365; x_wconf 86' lang='lat' dir='ltr'>LIBER</span> <span class='ocrx_word' id='word_1_8' title='bbox 746 1308 938 1378; x_wconf 78' lang='lat' dir='ltr'>QUINTUS</span> 
     </span>
    </p>
   </div>
   <div class='ocr_carea' id='block_1_4' title="bbox 156 1681 1188 4148">
    <p class='ocr_par' dir='ltr' id='par_1_4' title="bbox 156 1681 1188 2702">
     <span class='ocr_line' id='line_1_4' title="bbox 156 1681 1118 1768; baseline 0 -21"><span class='ocrx_word' id='word_1_9' title='bbox 156 1721 162 1751; x_wconf 72' lang='lat' dir='ltr'>z</span> <span class='ocrx_word' id='word_1_10' title='bbox 241 1683 322 1762; x_wconf 76' lang='lat' dir='ltr'>Quis</span> <span class='ocrx_word' id='word_1_11' title='bbox 343 1683 429 1767; x_wconf 91' lang='lat' dir='ltr'>potis</span> <span class='ocrx_word' id='word_1_12' title='bbox 451 1690 500 1746; x_wconf 87' lang='lat' dir='ltr'>est</span> <span class='ocrx_word' id='word_1_13' title='bbox 522 1681 658 1768; x_wconf 80' lang='lat' dir='ltr'>dignum</span> <span class='ocrx_word' id='word_1_14' title='bbox 680 1683 816 1768; x_wconf 85' lang='lat' dir='ltr'>pollenti</span> <span class='ocrx_word' id='word_1_15' title='bbox 838 1692 967 1768; x_wconf 78' lang='lat' dir='ltr'>pectore</span> <span class='ocrx_word' id='word_1_16' title='bbox 990 1707 1118 1748; x_wconf 84' lang='lat' dir='ltr'>carmen</span> 
     </span>
     <span class='ocr_line' id='line_1_5' title="bbox 240 1786 1095 1872; baseline 0.001 -22"><span class='ocrx_word' id='word_1_17' title='bbox 240 1786 374 1850; x_wconf 88' lang='lat' dir='ltr'>condere</span> <span class='ocrx_word' id='word_1_18' title='bbox 396 1809 454 1871; x_wconf 90' lang='lat' dir='ltr'>pro</span> <span class='ocrx_word' id='word_1_19' title='bbox 476 1808 584 1849; x_wconf 87' lang='lat' dir='ltr'>rerum</span> <span class='ocrx_word' id='word_1_20' title='bbox 607 1787 776 1850; x_wconf 86' lang='lat' dir='ltr'>maiestate</span> <span class='ocrx_word' id='word_1_21' title='bbox 799 1786 914 1872; x_wconf 85' lang='lat' dir='ltr'>hisque</span> <span class='ocrx_word' id='word_1_22' title='bbox 936 1787 1095 1872; x_wconf 71' lang='lat' dir='ltr'>repertis?</span> 
     </span>
     <span class='ocr_line' id='line_1_6' title="bbox 240 1891 1098 1977; baseline 0 -22"><span class='ocrx_word' id='word_1_23' title='bbox 240 1891 351 1977; x_wconf 91' lang='lat' dir='ltr'>quisve</span> <span class='ocrx_word' id='word_1_24' title='bbox 374 1891 460 1955; x_wconf 89' lang='lat' dir='ltr'>valet</span> <span class='ocrx_word' id='word_1_25' title='bbox 482 1891 588 1955; x_wconf 89' lang='lat' dir='ltr'>verbis</span> <span class='ocrx_word' id='word_1_26' title='bbox 611 1899 742 1955; x_wconf 88' lang='lat' dir='ltr'>tantum</span> <span class='ocrx_word' id='word_1_27' title='bbox 764 1892 821 1976; x_wconf 94' lang='lat' dir='ltr'>qui</span> <span class='ocrx_word' id='word_1_28' title='bbox 843 1891 964 1976; x_wconf 86' lang='lat' dir='ltr'>fingere</span> <span class='ocrx_word' id='word_1_29' title='bbox 987 1892 1098 1955; x_wconf 89' lang='lat' dir='ltr'>laudes</span> 
     </span>
     <span class='ocr_line' id='line_1_7' title="bbox 240 1995 951 2081; baseline 0 -22"><span class='ocrx_word' id='word_1_30' title='bbox 240 2019 297 2081; x_wconf 89' lang='lat' dir='ltr'>pro</span> <span class='ocrx_word' id='word_1_31' title='bbox 320 1995 443 2060; x_wconf 86' lang='lat' dir='ltr'>meritis</span> <span class='ocrx_word' id='word_1_32' title='bbox 465 1995 534 2059; x_wconf 89' lang='lat' dir='ltr'>eius</span> <span class='ocrx_word' id='word_1_33' title='bbox 557 1995 657 2080; x_wconf 87' lang='lat' dir='ltr'>possit</span> <span class='ocrx_word' id='word_1_34' title='bbox 680 1995 737 2081; x_wconf 93' lang='lat' dir='ltr'>qui</span> <span class='ocrx_word' id='word_1_35' title='bbox 758 1996 838 2059; x_wconf 87' lang='lat' dir='ltr'>talia</span> <span class='ocrx_word' id='word_1_36' title='bbox 859 1996 951 2059; x_wconf 90' lang='lat' dir='ltr'>nobis</span> 
     </span>
     <span class='ocr_line' id='line_1_8' title="bbox 238 2101 1100 2186; baseline 0.001 -23"><span class='ocrx_word' id='word_1_37' title='bbox 238 2107 367 2185; x_wconf 75' lang='lat' dir='ltr'>pectore</span> <span class='ocrx_word' id='word_1_38' title='bbox 390 2107 483 2184; x_wconf 85' lang='lat' dir='ltr'>parta</span> <span class='ocrx_word' id='word_1_39' title='bbox 505 2122 563 2163; x_wconf 92' lang='lat' dir='ltr'>suo</span> <span class='ocrx_word' id='word_1_40' title='bbox 586 2101 791 2185; x_wconf 82' lang='lat' dir='ltr'>quaesitaque</span> <span class='ocrx_word' id='word_1_41' title='bbox 813 2101 957 2184; x_wconf 87' lang='lat' dir='ltr'>praemia</span> <span class='ocrx_word' id='word_1_42' title='bbox 979 2101 1100 2186; x_wconf 76' lang='lat' dir='ltr'>liquit?</span> 
     </span>
     <span class='ocr_line' id='line_1_9' title="bbox 230 2203 1068 2289; baseline -0.002 -19"><span class='ocrx_word' id='word_1_43' title='bbox 230 2226 342 2280; x_wconf 75' lang='lat' dir='ltr'>memo,</span> <span class='ocrx_word' id='word_1_44' title='bbox 365 2211 403 2267; x_wconf 85' lang='lat' dir='ltr'>ut</span> <span class='ocrx_word' id='word_1_45' title='bbox 426 2203 545 2287; x_wconf 87' lang='lat' dir='ltr'>opinor,</span> <span class='ocrx_word' id='word_1_46' title='bbox 568 2203 630 2266; x_wconf 85' lang='lat' dir='ltr'>erit</span> <span class='ocrx_word' id='word_1_47' title='bbox 653 2204 781 2267; x_wconf 87' lang='lat' dir='ltr'>mortali</span> <span class='ocrx_word' id='word_1_48' title='bbox 803 2226 932 2289; x_wconf 84' lang='lat' dir='ltr'>corpore</span> <span class='ocrx_word' id='word_1_49' title='bbox 955 2213 1068 2269; x_wconf 78' lang='lat' dir='ltr'>cretus,</span> 
     </span>
     <span class='ocr_line' id='line_1_10' title="bbox 238 2306 1104 2393; baseline 0.001 -23"><span class='ocrx_word' id='word_1_50' title='bbox 238 2331 314 2371; x_wconf 89' lang='lat' dir='ltr'>nam</span> <span class='ocrx_word' id='word_1_51' title='bbox 337 2306 372 2382; x_wconf 90' lang='lat' dir='ltr'>si,</span> <span class='ocrx_word' id='word_1_52' title='bbox 395 2314 434 2369; x_wconf 90' lang='lat' dir='ltr'>ut</span> <span class='ocrx_word' id='word_1_53' title='bbox 456 2306 526 2390; x_wconf 91' lang='lat' dir='ltr'>ipsa</span> <span class='ocrx_word' id='word_1_54' title='bbox 548 2306 633 2391; x_wconf 87' lang='lat' dir='ltr'>petit</span> <span class='ocrx_word' id='word_1_55' title='bbox 655 2306 807 2370; x_wconf 87' lang='lat' dir='ltr'>maiestas</span> <span class='ocrx_word' id='word_1_56' title='bbox 830 2307 961 2393; x_wconf 79' lang='lat' dir='ltr'>cognita</span> <span class='ocrx_word' id='word_1_57' title='bbox 986 2331 1104 2385; x_wconf 84' lang='lat' dir='ltr'>rerum,</span> 
     </span>
     <span class='ocr_line' id='line_1_11' title="bbox 238 2410 1188 2497; baseline 0 -22"><span class='ocrx_word' id='word_1_58' title='bbox 238 2412 410 2475; x_wconf 83' lang='lat' dir='ltr'>dicendum</span> <span class='ocrx_word' id='word_1_59' title='bbox 434 2419 491 2486; x_wconf 89' lang='lat' dir='ltr'>est,</span> <span class='ocrx_word' id='word_1_60' title='bbox 514 2410 593 2473; x_wconf 92' lang='lat' dir='ltr'>deus</span> <span class='ocrx_word' id='word_1_61' title='bbox 615 2410 670 2473; x_wconf 89' lang='lat' dir='ltr'>ille</span> <span class='ocrx_word' id='word_1_62' title='bbox 692 2411 765 2488; x_wconf 85' lang='lat' dir='ltr'>fuit,</span> <span class='ocrx_word' id='word_1_63' title='bbox 788 2411 875 2487; x_wconf 77' lang='lat' dir='ltr'>deuS,</span> <span class='ocrx_word' id='word_1_64' title='bbox 898 2411 1019 2497; x_wconf 87' lang='lat' dir='ltr'>inelyte</span> <span class='ocrx_word' id='word_1_65' title='bbox 1043 2412 1188 2487; x_wconf 90' lang='lat' dir='ltr'>Memmi,</span> 
     </span>
     <span class='ocr_line' id='line_1_12' title="bbox 239 2514 1107 2600; baseline 0.001 -22"><span class='ocrx_word' id='word_1_66' title='bbox 239 2515 296 2600; x_wconf 93' lang='lat' dir='ltr'>qui</span> <span class='ocrx_word' id='word_1_67' title='bbox 317 2515 465 2599; x_wconf 83' lang='lat' dir='ltr'>princeps</span> <span class='ocrx_word' id='word_1_68' title='bbox 489 2515 576 2578; x_wconf 90' lang='lat' dir='ltr'>vitae</span> <span class='ocrx_word' id='word_1_69' title='bbox 598 2514 758 2577; x_wconf 87' lang='lat' dir='ltr'>rationem</span> <span class='ocrx_word' id='word_1_70' title='bbox 779 2514 905 2579; x_wconf 90' lang='lat' dir='ltr'>invenit</span> <span class='ocrx_word' id='word_1_71' title='bbox 928 2537 1000 2578; x_wconf 90' lang='lat' dir='ltr'>eam</span> <span class='ocrx_word' id='word_1_72' title='bbox 1023 2537 1107 2600; x_wconf 90' lang='lat' dir='ltr'>quae</span> 
     </span>
     <span class='ocr_line' id='line_1_13' title="bbox 238 2615 1068 2702; baseline 0.002 -23"><span class='ocrx_word' id='word_1_73' title='bbox 238 2639 324 2680; x_wconf 85' lang='lat' dir='ltr'>nune</span> <span class='ocrx_word' id='word_1_74' title='bbox 346 2615 529 2701; x_wconf 89' lang='lat' dir='ltr'>appellatur</span> <span class='ocrx_word' id='word_1_75' title='bbox 552 2615 719 2700; x_wconf 79' lang='lat' dir='ltr'>sapientia,</span> <span class='ocrx_word' id='word_1_76' title='bbox 742 2616 862 2701; x_wconf 91' lang='lat' dir='ltr'>quique</span> <span class='ocrx_word' id='word_1_77' title='bbox 884 2639 942 2702; x_wconf 94' lang='lat' dir='ltr'>per</span> <span class='ocrx_word' id='word_1_78' title='bbox 964 2624 1068 2681; x_wconf 86' lang='lat' dir='ltr'>artem</span> 
     </span>
    </p>

    <p class='ocr_par' dir='ltr' id='par_1_5' title="bbox 184 2719 1148 4148">
     <span class='ocr_line' id='line_1_14' title="bbox 184 2719 1035 2805; baseline -0.002 -19"><span class='ocrx_word' id='word_1_79' title='bbox 184 2783 187 2786; x_wconf 20' lang='lat'><strong>⁴</strong></span> <span class='ocrx_word' id='word_1_80' title='bbox 239 2720 392 2784; x_wconf 82' lang='lat' dir='ltr'>fiuctibus</span> <span class='ocrx_word' id='word_1_81' title='bbox 414 2742 432 2783; x_wconf 99' lang='lat' dir='ltr'>e</span> <span class='ocrx_word' id='word_1_82' title='bbox 455 2719 557 2782; x_wconf 87' lang='lat' dir='ltr'>tantis</span> <span class='ocrx_word' id='word_1_83' title='bbox 579 2719 681 2783; x_wconf 88' lang='lat' dir='ltr'>vitam</span> <span class='ocrx_word' id='word_1_84' title='bbox 704 2720 868 2805; x_wconf 88' lang='lat' dir='ltr'>tantisque</span> <span class='ocrx_word' id='word_1_85' title='bbox 892 2721 1035 2784; x_wconf 88' lang='lat' dir='ltr'>tenebris</span> 
     </span>
     <span class='ocr_line' id='line_1_15' title="bbox 237 2822 1059 2908; baseline 0.004 -22"><span class='ocrx_word' id='word_1_86' title='bbox 237 2822 362 2886; x_wconf 89' lang='grc'>11111111</span> <span class='ocrx_word' id='word_1_87' title='bbox 386 2822 560 2908; x_wconf 85' lang='lat' dir='ltr'>tranquillo</span> <span class='ocrx_word' id='word_1_88' title='bbox 583 2831 617 2885; x_wconf 90' lang='lat' dir='ltr'>et</span> <span class='ocrx_word' id='word_1_89' title='bbox 640 2831 708 2886; x_wconf 89' lang='lat' dir='ltr'>tam</span> <span class='ocrx_word' id='word_1_90' title='bbox 731 2824 816 2887; x_wconf 87' lang='lat' dir='ltr'>clara</span> <span class='ocrx_word' id='word_1_91' title='bbox 839 2824 910 2887; x_wconf 89' lang='lat' dir='ltr'>luce</span> <span class='ocrx_word' id='word_1_92' title='bbox 933 2824 1059 2889; x_wconf 83' lang='lat' dir='ltr'>locavit.</span> 
     </span>
     <span class='ocr_line' id='line_1_16' title="bbox 238 2925 1063 3012; baseline 0.002 -23"><span class='ocrx_word' id='word_1_93' title='bbox 238 2927 345 2990; x_wconf 82' lang='lat' dir='ltr'>confer</span> <span class='ocrx_word' id='word_1_94' title='bbox 370 2925 456 2989; x_wconf 90' lang='lat' dir='ltr'>enim</span> <span class='ocrx_word' id='word_1_95' title='bbox 478 2926 588 2989; x_wconf 83' lang='lat' dir='ltr'>divina</span> <span class='ocrx_word' id='word_1_96' title='bbox 610 2926 746 2990; x_wconf 90' lang='lat' dir='ltr'>aliorum</span> <span class='ocrx_word' id='word_1_97' title='bbox 769 2927 905 3012; x_wconf 87' lang='lat' dir='ltr'>antiqua</span> <span class='ocrx_word' id='word_1_98' title='bbox 927 2936 1063 3012; x_wconf 88' lang='lat' dir='ltr'>reperta.</span> 
     </span>
     <span class='ocr_line' id='line_1_17' title="bbox 237 3029 1090 3116; baseline 0.001 -23"><span class='ocrx_word' id='word_1_99' title='bbox 237 3051 377 3114; x_wconf 88' lang='lat' dir='ltr'>namque</span> <span class='ocrx_word' id='word_1_100' title='bbox 401 3029 497 3094; x_wconf 79' lang='lat' dir='ltr'>Ceres</span> <span class='ocrx_word' id='word_1_101' title='bbox 520 3030 622 3092; x_wconf 84' lang='lat' dir='ltr'>fertur</span> <span class='ocrx_word' id='word_1_102' title='bbox 643 3031 752 3114; x_wconf 84' lang='lat' dir='ltr'>fruges</span> <span class='ocrx_word' id='word_1_103' title='bbox 774 3030 934 3116; x_wconf 87' lang='lat' dir='ltr'>Liberque</span> <span class='ocrx_word' id='word_1_104' title='bbox 957 3031 1090 3116; x_wconf 87' lang='lat' dir='ltr'>liquoris</span> 
     </span>
     <span class='ocr_line' id='line_1_18' title="bbox 237 3130 958 3219; baseline 0.004 -25"><span class='ocrx_word' id='word_1_105' title='bbox 237 3130 374 3219; x_wconf 86' lang='lat' dir='ltr'>vitigeni</span> <span class='ocrx_word' id='word_1_106' title='bbox 396 3130 526 3195; x_wconf 84' lang='lat' dir='ltr'>laticem</span> <span class='ocrx_word' id='word_1_107' title='bbox 549 3132 739 3195; x_wconf 84' lang='lat' dir='ltr'>mortalibus</span> <span class='ocrx_word' id='word_1_108' title='bbox 760 3132 958 3213; x_wconf 83' lang='lat' dir='ltr'>instituisse3</span> 
     </span>
     <span class='ocr_line' id='line_1_19' title="bbox 238 3235 1109 3321; baseline 0.005 -23"><span class='ocrx_word' id='word_1_109' title='bbox 238 3259 312 3299; x_wconf 86' lang='lat' dir='ltr'>oum</span> <span class='ocrx_word' id='word_1_110' title='bbox 334 3243 445 3299; x_wconf 90' lang='lat' dir='ltr'>tamen</span> <span class='ocrx_word' id='word_1_111' title='bbox 468 3235 518 3300; x_wconf 92' lang='lat' dir='ltr'>his</span> <span class='ocrx_word' id='word_1_112' title='bbox 539 3245 647 3321; x_wconf 91' lang='lat' dir='ltr'>posset</span> <span class='ocrx_word' id='word_1_113' title='bbox 669 3237 738 3300; x_wconf 90' lang='lat' dir='ltr'>sine</span> <span class='ocrx_word' id='word_1_114' title='bbox 760 3237 856 3301; x_wconf 90' lang='lat' dir='ltr'>rebus</span> <span class='ocrx_word' id='word_1_115' title='bbox 880 3237 949 3302; x_wconf 89' lang='lat' dir='ltr'>vita</span> <span class='ocrx_word' id='word_1_116' title='bbox 970 3261 1109 3314; x_wconf 87' lang='lat' dir='ltr'>manere,</span> 
     </span>
     <span class='ocr_line' id='line_1_20' title="bbox 238 3339 1098 3427; baseline 0.005 -25"><span class='ocrx_word' id='word_1_117' title='bbox 238 3346 277 3402; x_wconf 89' lang='lat' dir='ltr'>ut</span> <span class='ocrx_word' id='word_1_118' title='bbox 299 3339 385 3402; x_wconf 86' lang='lat' dir='ltr'>fama</span> <span class='ocrx_word' id='word_1_119' title='bbox 407 3346 456 3402; x_wconf 90' lang='lat' dir='ltr'>est</span> <span class='ocrx_word' id='word_1_120' title='bbox 478 3339 602 3424; x_wconf 87' lang='lat' dir='ltr'>aliquas</span> <span class='ocrx_word' id='word_1_121' title='bbox 625 3340 725 3427; x_wconf 84' lang='lat' dir='ltr'>etiam</span> <span class='ocrx_word' id='word_1_122' title='bbox 747 3363 833 3404; x_wconf 87' lang='lat' dir='ltr'>nunc</span> <span class='ocrx_word' id='word_1_123' title='bbox 855 3341 962 3404; x_wconf 82' lang='lat' dir='ltr'>vivere</span> <span class='ocrx_word' id='word_1_124' title='bbox 983 3342 1098 3426; x_wconf 85' lang='lat' dir='ltr'>gentis.</span> 
     </span>
     <span class='ocr_line' id='line_1_21' title="bbox 239 3443 1070 3528; baseline 0.005 -24"><span class='ocrx_word' id='word_1_125' title='bbox 239 3450 274 3505; x_wconf 88' lang='lat' dir='ltr'>at</span> <span class='ocrx_word' id='word_1_126' title='bbox 295 3443 378 3505; x_wconf 87' lang='lat' dir='ltr'>bene</span> <span class='ocrx_word' id='word_1_127' title='bbox 400 3464 465 3505; x_wconf 89' lang='lat' dir='ltr'>non</span> <span class='ocrx_word' id='word_1_128' title='bbox 487 3450 615 3527; x_wconf 90' lang='lat' dir='ltr'>poterat</span> <span class='ocrx_word' id='word_1_129' title='bbox 637 3443 706 3506; x_wconf 90' lang='lat' dir='ltr'>sine</span> <span class='ocrx_word' id='word_1_130' title='bbox 729 3466 810 3528; x_wconf 90' lang='lat' dir='ltr'>puro</span> <span class='ocrx_word' id='word_1_131' title='bbox 831 3451 961 3528; x_wconf 83' lang='lat' dir='ltr'>pectore</span> <span class='ocrx_word' id='word_1_132' title='bbox 983 3445 1070 3524; x_wconf 81' lang='lat' dir='ltr'>vivi3</span> 
     </span>
     <span class='ocr_line' id='line_1_22' title="bbox 240 3546 1107 3632; baseline 0.003 -23"><span class='ocrx_word' id='word_1_133' title='bbox 240 3569 303 3632; x_wconf 91' lang='lat' dir='ltr'>quo</span> <span class='ocrx_word' id='word_1_134' title='bbox 325 3546 429 3632; x_wconf 85' lang='lat' dir='ltr'>magis</span> <span class='ocrx_word' id='word_1_135' title='bbox 450 3546 503 3610; x_wconf 88' lang='lat' dir='ltr'>hic</span> <span class='ocrx_word' id='word_1_136' title='bbox 526 3547 641 3610; x_wconf 85' lang='lat' dir='ltr'>merito</span> <span class='ocrx_word' id='word_1_137' title='bbox 663 3548 755 3610; x_wconf 91' lang='lat' dir='ltr'>nobis</span> <span class='ocrx_word' id='word_1_138' title='bbox 777 3548 857 3612; x_wconf 91' lang='lat' dir='ltr'>deus</span> <span class='ocrx_word' id='word_1_139' title='bbox 879 3570 947 3611; x_wconf 89' lang='lat' dir='ltr'>esse</span> <span class='ocrx_word' id='word_1_140' title='bbox 969 3547 1107 3624; x_wconf 86' lang='lat' dir='ltr'>videtur,</span> 
     </span>
     <span class='ocr_line' id='line_1_23' title="bbox 240 3649 1089 3736; baseline 0.002 -23"><span class='ocrx_word' id='word_1_141' title='bbox 240 3672 279 3713; x_wconf 87' lang='lat' dir='ltr'>ex</span> <span class='ocrx_word' id='word_1_142' title='bbox 301 3672 365 3734; x_wconf 92' lang='lat' dir='ltr'>quo</span> <span class='ocrx_word' id='word_1_143' title='bbox 387 3671 473 3712; x_wconf 84' lang='lat' dir='ltr'>nunc</span> <span class='ocrx_word' id='word_1_144' title='bbox 496 3649 596 3713; x_wconf 90' lang='lat' dir='ltr'>etiam</span> <span class='ocrx_word' id='word_1_145' title='bbox 618 3672 675 3734; x_wconf 90' lang='lat' dir='ltr'>per</span> <span class='ocrx_word' id='word_1_146' title='bbox 698 3673 831 3736; x_wconf 84' lang='lat' dir='ltr'>magnas</span> <span class='ocrx_word' id='word_1_147' title='bbox 854 3651 959 3715; x_wconf 89' lang='lat' dir='ltr'>didita</span> <span class='ocrx_word' id='word_1_148' title='bbox 979 3652 1089 3736; x_wconf 83' lang='lat' dir='ltr'>gentis</span> 
     </span>
     <span class='ocr_line' id='line_1_24' title="bbox 239 3753 971 3837; baseline 0.004 -21"><span class='ocrx_word' id='word_1_149' title='bbox 239 3753 346 3817; x_wconf 88' lang='lat' dir='ltr'>dulcia</span> <span class='ocrx_word' id='word_1_150' title='bbox 368 3753 570 3837; x_wconf 85' lang='lat' dir='ltr'>permulcent</span> <span class='ocrx_word' id='word_1_151' title='bbox 592 3753 716 3817; x_wconf 88' lang='lat' dir='ltr'>animos</span> <span class='ocrx_word' id='word_1_152' title='bbox 738 3754 854 3819; x_wconf 79' lang='lat' dir='ltr'>solacia</span> <span class='ocrx_word' id='word_1_153' title='bbox 876 3755 971 3819; x_wconf 86' lang='lat' dir='ltr'>vitae.</span> 
     </span>
     <span class='ocr_line' id='line_1_25' title="bbox 240 3855 1021 3942; baseline 0.004 -24"><span class='ocrx_word' id='word_1_154' title='bbox 240 3856 390 3919; x_wconf 86' lang='lat' dir='ltr'>Herculis</span> <span class='ocrx_word' id='word_1_155' title='bbox 412 3855 568 3919; x_wconf 88' lang='lat' dir='ltr'>antistare</span> <span class='ocrx_word' id='word_1_156' title='bbox 590 3864 702 3920; x_wconf 85' lang='lat' dir='ltr'>autem</span> <span class='ocrx_word' id='word_1_157' title='bbox 725 3857 752 3920; x_wconf 96' lang='lat' dir='ltr'>si</span> <span class='ocrx_word' id='word_1_158' title='bbox 774 3857 860 3921; x_wconf 85' lang='lat' dir='ltr'>faeta</span> <span class='ocrx_word' id='word_1_159' title='bbox 881 3858 1021 3942; x_wconf 88' lang='lat' dir='ltr'>putabis,</span> 
     </span>
     <span class='ocr_line' id='line_1_26' title="bbox 240 3959 910 4045; baseline 0.004 -23"><span class='ocrx_word' id='word_1_160' title='bbox 240 3959 367 4045; x_wconf 87' lang='lat' dir='ltr'>longius</span> <span class='ocrx_word' id='word_1_161' title='bbox 389 3981 409 4022; x_wconf 92' lang='grc'>1</span> <span class='ocrx_word' id='word_1_162' title='bbox 431 3981 507 4022; x_wconf 87' lang='lat' dir='ltr'>vera</span> <span class='ocrx_word' id='word_1_163' title='bbox 528 3960 633 4022; x_wconf 85' lang='lat' dir='ltr'>multo</span> <span class='ocrx_word' id='word_1_164' title='bbox 654 3959 778 4022; x_wconf 90' lang='lat' dir='ltr'>ratione</span> <span class='ocrx_word' id='word_1_165' title='bbox 801 3960 910 4026; x_wconf 87' lang='lat' dir='ltr'>ferere.</span> 
     </span>
     <span class='ocr_line' id='line_1_27' title="bbox 240 4061 1148 4148; baseline 0.006 -24"><span class='ocrx_word' id='word_1_166' title='bbox 240 4061 319 4147; x_wconf 93' lang='lat' dir='ltr'>quid</span> <span class='ocrx_word' id='word_1_167' title='bbox 341 4061 525 4125; x_wconf 84' lang='lat' dir='ltr'>Nemeaeus</span> <span class='ocrx_word' id='word_1_168' title='bbox 547 4061 635 4125; x_wconf 87' lang='lat' dir='ltr'>enim</span> <span class='ocrx_word' id='word_1_169' title='bbox 657 4061 748 4125; x_wconf 90' lang='lat' dir='ltr'>nobis</span> <span class='ocrx_word' id='word_1_170' title='bbox 769 4085 856 4126; x_wconf 88' lang='lat' dir='ltr'>nuno</span> <span class='ocrx_word' id='word_1_171' title='bbox 877 4085 1015 4148; x_wconf 81' lang='lat' dir='ltr'>magnus</span> <span class='ocrx_word' id='word_1_172' title='bbox 1037 4064 1148 4129; x_wconf 88' lang='lat' dir='ltr'>hiatus</span> 
     </span>
    </p>
   </div>
   <div class='ocr_carea' id='block_1_5' title="bbox 152 4223 1366 4371">
    <p class='ocr_par' dir='ltr' id='par_1_6' title="bbox 152 4223 1366 4371">
     <span class='ocr_line' id='line_1_28' title="bbox 202 4223 1366 4292; baseline 0.008 -19"><span class='ocrx_word' id='word_1_173' title='bbox 202 4226 217 4273; x_wconf 80' lang='lat'>2</span> <span class='ocrx_word' id='word_1_174' title='bbox 234 4226 364 4273; x_wconf 79' lang='lat' dir='ltr'>maiestate</span> <span class='ocrx_word' id='word_1_175' title='bbox 377 4225 463 4286; x_wconf 77' lang='lat' dir='ltr'>hisque</span> <span class='ocrx_word' id='word_1_176' title='bbox 474 4226 578 4287; x_wconf 79' lang='lat' dir='ltr'>repertis</span> <span class='ocrx_word' id='word_1_177' title='bbox 590 4223 680 4275; x_wconf 83' lang='lat' dir='ltr'>Lamb.</span> <span class='ocrx_word' id='word_1_178' title='bbox 695 4223 735 4273; x_wconf 80' lang='lat' dir='ltr'>for</span> <span class='ocrx_word' id='word_1_179' title='bbox 745 4226 886 4275; x_wconf 70' lang='lat' dir='ltr'>maiestatis</span> <span class='ocrx_word' id='word_1_180' title='bbox 898 4233 975 4289; x_wconf 84' lang='lat' dir='ltr'>atque</span> <span class='ocrx_word' id='word_1_181' title='bbox 985 4230 1089 4290; x_wconf 79' lang='lat' dir='ltr'>repertis</span> <span class='ocrx_word' id='word_1_182' title='bbox 1101 4247 1107 4279; x_wconf 90' lang='lat'>:</span> <span class='ocrx_word' id='word_1_183' title='bbox 1126 4227 1160 4277; x_wconf 84' lang='lat' dir='ltr'>he</span> <span class='ocrx_word' id='word_1_184' title='bbox 1171 4241 1296 4292; x_wconf 79' lang='lat' dir='ltr'>proposes</span> <span class='ocrx_word' id='word_1_185' title='bbox 1306 4230 1366 4282; x_wconf 79' lang='lat' dir='ltr'>also</span> 
     </span>
     <span class='ocr_line' id='line_1_29' title="bbox 152 4307 1366 4371; baseline 0.006 -14"><span class='ocrx_word' id='word_1_186' title='bbox 152 4309 282 4357; x_wconf 68' lang='lat' dir='ltr'>amicitate</span> <span class='ocrx_word' id='word_1_187' title='bbox 294 4313 369 4369; x_wconf 81' lang='lat' dir='ltr'>atque</span> <span class='ocrx_word' id='word_1_188' title='bbox 379 4322 402 4358; x_wconf 81' lang='lat' dir='ltr'>r.</span> <span class='ocrx_word' id='word_1_189' title='bbox 435 4309 621 4371; x_wconf 75' lang='lat' dir='ltr'>maiestatisque</span> <span class='ocrx_word' id='word_1_190' title='bbox 632 4311 738 4370; x_wconf 73' lang='lat' dir='ltr'>repertis</span> <span class='ocrx_word' id='word_1_191' title='bbox 749 4307 1027 4360; x_wconf 77' lang='lat' dir='ltr'>Nice.anda11before</span> <span class='ocrx_word' id='word_1_192' title='bbox 1038 4310 1129 4361; x_wconf 83' lang='lat' dir='ltr'>Lamb.</span> <span class='ocrx_word' id='word_1_193' title='bbox 1222 4311 1366 4364; x_wconf 72' lang='lat' dir='ltr'>relocavit</span> 
     </span>
    </p>
   </div>
   <div class='ocr_carea' id='block_1_6' title="bbox 0 0 1414 4836">
    <p class='ocr_par' dir='ltr' id='par_1_7' title="bbox 0 0 1414 4836">
     <span class='ocr_line' id='line_1_30' title="bbox 0 0 1414 4836; baseline 0 0"><span class='ocrx_word' id='word_1_194' title='bbox 0 0 1414 4836; x_wconf 95' lang='lat' dir='ltr'> </span> 
     </span>
    </p>
   </div>
  </div>
 </body>
</html>
