2842 4860
108 423 248 510 denique
271 445 345 488 cum
367 421 459 487 suavi
482 419 628 486 devinxit
650 421 797 485 membra
818 443 929 506 sopore

108 550 239 592 somnus
261 525 352 591 etin
374 547 502 590 summa
523 546 637 610 corpus
657 523 743 588 iacet
765 546 860 588 omne
882 523 1002 610 quiete,

108 639 182 697 tum
204 630 337 719 vigilare
360 639 472 695 tamen
493 628 586 693 nobis
607 636 642 693 et
664 628 810 693 membra
831 649 960 692 movere

109 745 219 800 nostra
240 733 395 812 videmur,
418 742 452 798 et
474 733 509 796 in
531 731 634 797 noctis
656 732 794 819 caligine
816 754 911 797 caeca

109 861 238 904 cernere
261 860 429 903 censemus
450 836 550 901 solem
572 837 747 922 lumenque
770 835 922 901 diurnum

109 942 321 1026 conclusoque
344 942 412 1004 loco
433 939 559 1004 caelum
581 960 671 1003 mare
692 938 828 1002 flumina
850 938 970 1003 montis

111 1055 238 1111 mutare
260 1055 295 1112 et
317 1067 445 1131 campos
467 1043 606 1130 pedibus
626 1043 762 1108 transire
785 1043 940 1122 videmur,

111 1156 146 1213 et
168 1149 292 1213 sonitus
313 1147 434 1225 audire,
457 1169 568 1212 severa
589 1146 719 1211 silentia
740 1146 844 1211 noctis

111 1253 255 1339 undique
277 1276 352 1318 cum
375 1260 532 1329 constent,
554 1260 588 1316 et
610 1251 744 1316 reddere
767 1252 854 1316 dicta
876 1259 1028 1316 tacentes

111 1365 219 1421 cetera
241 1357 281 1421 de
303 1378 421 1444 genere
443 1357 504 1420 hoc
525 1356 682 1421 miraculo
703 1357 809 1420 multa
830 1356 986 1434 videmus

113 1483 195 1544 quae
218 1460 337 1524 violare
359 1460 457 1524 fidem
480 1459 572 1544 quasi
593 1458 739 1523 sensibus
761 1459 869 1523 omnia
891 1467 1060 1545 quaerunt,

112 1563 318 1648 nequiquam,
341 1563 493 1648 quoniam
515 1584 589 1648 pars
610 1562 726 1626 horum
747 1562 890 1626 maxima
911 1562 995 1627 fallit

112 1674 245 1751 propter
266 1666 416 1751 opinatus
438 1665 539 1729 animi
561 1687 640 1750 quos
662 1665 811 1729 addimus
832 1665 904 1751 ipsi,

113 1790 171 1853 pro
193 1768 269 1832 visis
290 1778 329 1833 ut
351 1769 417 1832 sint
439 1790 522 1854 quae
544 1791 609 1832 non
631 1776 708 1832 sunt
730 1768 868 1831 sensibu'
891 1768 966 1832 visa

112 1892 188 1934 nam
210 1872 257 1935 nil
278 1873 407 1959 aegrius
428 1880 478 1936 est
500 1895 598 1957 quam
620 1894 671 1935 res
692 1893 856 1936 secernere
878 1880 1007 1957 apertas

113 1975 155 2038 ab
178 1975 293 2053 dubiis,
315 1975 443 2039 animus
465 1997 545 2061 quas
566 1974 608 2038 ab
630 1996 664 2038 se
686 1974 834 2059 protinus
855 1975 953 2039 addit.

157 2077 308 2163 Denique
330 2077 377 2140 nil
400 2077 473 2142 sciri
495 2077 596 2162 siquis
617 2085 722 2163 putat,
744 2076 779 2140 id
801 2099 928 2162 quoque
950 2077 1053 2142 nescit

114 2201 156 2242 an
178 2179 251 2243 sciri
273 2179 382 2265 possit,
404 2181 556 2265 quoniam
579 2179 625 2243 nil
647 2180 726 2244 scire
749 2181 878 2244 fatetur.

115 2283 201 2347 hunc
223 2284 325 2371 igitur
346 2294 457 2348 contra
478 2285 608 2348 mittam
631 2285 824 2350 contendere
847 2309 984 2364 causam,

115 2389 172 2473 qui
193 2389 299 2474 capite
321 2388 390 2474 ipse
413 2411 472 2453 sua
492 2389 528 2452 in
550 2389 667 2454 statuit
689 2390 827 2477 vestigia
848 2414 924 2456 sese.

42 2508 43 2511 ’
114 2500 149 2555 et
172 2500 283 2556 tamen
304 2492 364 2556 hoc
386 2515 513 2578 quoque
535 2493 586 2557 uti
608 2493 780 2557 concedam
802 2494 890 2572 scire,
912 2502 947 2558 at
969 2494 1004 2559 id
1025 2494 1132 2580 ipsum

115 2616 276 2680 quaeram,
299 2618 372 2659 cum
394 2595 429 2659 in
451 2596 547 2660 rebus
569 2596 637 2661 veri
658 2597 705 2659 nil
728 2596 845 2662 viderit
867 2606 952 2676 ante,

115 2699 203 2764 unde
225 2700 306 2764 sciat
328 2700 408 2786 quid
428 2701 472 2765 sit
493 2702 572 2766 scire
595 2711 630 2766 et
652 2702 774 2766 nescire
797 2703 945 2781 vicissim,
1172 2720 1234 2789 475

116 2805 267 2869 notitiam
290 2805 358 2870 veri
380 2829 462 2891 quae
484 2829 535 2871 res
558 2806 692 2892 falsique
716 2807 831 2872 crearit

116 2917 151 2974 et
174 2910 309 2974 dubium
331 2919 419 2976 certo
441 2934 524 2996 quae
547 2934 597 2977 res
619 2913 747 2978 differre
770 2913 920 3000 probarit.

114 3012 260 3078 invenies
281 3013 394 3099 primis
415 3014 457 3078 ab
479 3014 625 3079 sensibus
646 3039 715 3081 esse
737 3024 878 3081 creatam

116 3118 267 3183 notitiem
290 3118 358 3183 veri
379 3140 484 3203 neque
507 3141 618 3183 sensus
639 3142 731 3205 posse
753 3120 863 3185 refelli.

115 3245 192 3286 nam
214 3222 333 3288 maiore
356 3222 419 3287 fide
443 3223 540 3288 debet
562 3223 731 3308 reperirier
751 3223 842 3302 illud,

84 3402 88 3410 ⁸
118 3332 232 3408 sponte
255 3347 314 3388 sua
335 3323 418 3388 veris
440 3325 526 3409 quod
548 3324 648 3410 possit
670 3325 796 3390 vincere
819 3325 904 3391 falsa.

117 3427 197 3512 quid
217 3427 337 3492 maiore
359 3427 423 3492 fide
445 3450 538 3513 porro
560 3450 657 3514 quam
679 3452 791 3494 sensus
812 3429 924 3495 haberi

42 3546 45 3551 “
118 3532 239 3597 debet?
267 3554 310 3595 an
331 3533 373 3595 ab
396 3554 490 3596 sensu
513 3530 592 3595 falso
613 3531 696 3597 ratio
718 3541 789 3597 orta
809 3533 932 3597 valebit

118 3635 223 3700 dicere
246 3658 300 3699 eos
321 3644 440 3713 contra,
463 3658 544 3721 quae
567 3644 638 3700 tota
659 3636 701 3700 ab
722 3637 869 3701 sensibus
891 3646 961 3701 orta
983 3641 1055 3702 est?

31 3847 83 3888 tur.
180 3836 229 3885 466
240 3836 320 3885 noctis
331 3835 353 3883 B
365 3848 430 3884 corr.
444 3833 512 3885 Flor.
528 3833 559 3882 31
571 3832 661 3884 (lamb.
675 3833 751 3882 Pont.
765 3833 830 3882 Mar.
843 3833 883 3883 lor
893 3836 993 3884 montis.
1058 3835 1107 3885 462
1119 3837 1242 3886 miracula

30 3921 81 3970 Ed.
99 3919 139 3968 for
155 3919 284 3967 mirante:
302 3919 378 3966 oculo
399 3930 453 3965 was
469 3914 594 3978 probably
610 3914 737 3964 absorbed
753 3915 782 3963 in
797 3917 879 3964 multa
896 3914 948 3964 and
963 3915 1008 3966 the
1018 3916 1089 3966 word
1100 3919 1243 3980 completed

31 4004 99 4052 from
118 4001 175 4052 419.
208 4002 325 4050 mirando
343 4000 411 4050 Flor.
432 4000 464 4048 31
478 3998 536 4049 Vat.
550 3998 614 4047 1136
630 3997 723 4048 Othob.
743 3998 808 4048 Mar.
828 3998 869 4046 for
885 3999 1008 4048 mirande.
1041 4001 1142 4049 mirocli
1161 3999 1243 4050 Lach.‘

30 4084 92 4133 here
104 4096 134 4132 as
145 4084 203 4133 419.
314 4081 362 4131 467
373 4082 475 4141 ueprius
486 4088 531 4129 cet.
564 4079 644 4128 Later
654 4093 718 4128 mss.
730 4077 783 4127 and
794 4078 845 4129 old.
859 4077 912 4128 eds.
925 4078 981 4127 also
992 4079 1068 4129 Pont.
1081 4079 1147 4128 Mar.
1158 4079 1241 4130 Aldl

31 4167 105 4216 tunt.
117 4164 208 4214 Lamb.
221 4166 268 4214 etc.
282 4165 402 4225 eprepiuc,
417 4162 548 4224 abeurdly.
679 4161 728 4210 468
745 4163 820 4211 addit
835 4160 859 4210 A
875 4161 946 4211 Nico.
962 4161 1080 4211 (11111112
1096 4161 1154 4211 Vat.
1166 4162 1238 4212 tunt.

32 4247 138 4297 Oreech.
171 4248 244 4295 abdit
254 4245 276 4294 B
288 4245 358 4293 Flcr.
371 4246 401 4293 31
414 4247 429 4293 3
441 4244 500 4294 Vot.
512 4244 589 4294 Pont.
602 4243 867 4294 Mar.Ald.1Lamb.
881 4242 954 4294 Wak
967 4242 1078 4294 without
1089 4243 1219 4305 meaning.

65 4331 114 4382 471
126 4331 225 4379 mittam
236 4328 301 4378 Mar.
314 4327 371 4379 Ald.
387 4328 401 4376 1
411 4329 484 4379 Junt.
495 4328 536 4378 for
544 4330 656 4378 mittam.
758 4327 807 4378 472
818 4343 865 4376 cuo
876 4329 906 4376 ia
917 4329 1009 4376 statuit
1020 4325 1101 4376 Lach.
1113 4326 1153 4374 for
1163 4328 1243 4375 sucin

32 4415 134 4462 statuit.
232 4409 454 4462 4791111111Μ11.
469 4410 541 4460 Junt.
553 4409 684 4458 lor-sensu.
785 4407 836 4456 486
844 4414 964 4470 poterunt
976 4407 1045 4457 Flor.
1058 4408 1088 4455 31
1102 4407 1191 4456 (lamb.
1203 4408 1243 4456 for
