2842 4860
153 415 211 501 qui
233 415 359 480 varient
380 423 488 480 motus
511 436 568 500 per
589 436 669 499 quos
692 422 811 478 natura
833 421 924 498 gerat
945 436 1004 479 ree.

154 542 253 604 quare
275 520 375 584 etiam
397 527 496 604 atque
520 519 619 584 etiam
641 519 777 604 paulum
799 518 954 583 inclinare
977 526 1137 583 necessest

153 646 302 708 corpora3
333 646 393 688 nec
415 625 489 709 plus
511 646 610 708 quam
632 624 815 701 minimum,
837 645 880 687 ne
902 624 1023 709 fingere
1046 631 1154 688 motus

154 728 301 813 obliquos
322 728 490 792 videamur
512 736 546 792 et
569 728 602 791 id
624 751 674 791 res
697 751 773 792 vera
793 729 922 793 refutet.

154 853 294 916 namque
318 831 378 894 hoc
400 831 435 893 in
457 840 610 915 promptu
633 831 907 915 manifestumque
931 853 999 895 esse
1022 830 1180 909 videmus

156 934 307 1017 pondera,
330 943 490 1019 quantum
512 933 548 996 in
569 940 643 1009 sest,
666 955 731 996 non
753 955 846 1017 posse
869 933 1001 1018 obliqua
1022 956 1139 1011 meare,

155 1061 195 1100 ex
218 1059 332 1121 supero
355 1060 429 1101 cum
451 1036 676 1121 praecipitant,
701 1037 787 1121 quod
809 1059 938 1100 cernere
960 1037 1060 1121 possis
1072 1061 1080 1116 ;

155 1139 211 1203 sed
234 1140 281 1202 nil
303 1140 434 1204 omnino
457 1148 543 1204 recta
565 1139 696 1222 regione
718 1139 783 1202 viai
830 1163 832 1168 ⁸
1132 1213 1137 1222 Ι

154 1244 315 1309 declinare
337 1244 410 1329 quis
432 1251 481 1306 est
504 1244 560 1327 qui
583 1242 685 1327 possit
706 1265 836 1306 cernere
858 1248 951 1308 sese?
1213 1261 1231 1307 2
1236 1258 1277 1324 50

198 1348 349 1434 Denique
372 1347 400 1410 si
422 1369 548 1431 semper
569 1356 678 1411 motus
700 1348 880 1412 conectitur
902 1349 1006 1412 omnis

155 1460 191 1516 et
211 1461 319 1516 vetere
342 1453 485 1516 exoritur
506 1475 628 1536 semper
650 1475 751 1516 novus
774 1453 892 1517 ordine
907 1463 993 1517 certo

154 1577 214 1619 nec
236 1555 426 1619 declinando
448 1556 571 1619 faciunt
592 1555 768 1641 primordia
791 1565 899 1621 motus

156 1658 351 1743 principium
374 1659 536 1744 quoddam
559 1659 646 1743 quod
667 1659 728 1723 fati
749 1659 878 1723 foedera
899 1667 1039 1745 rumpat,

155 1784 196 1825 ex
219 1761 347 1825 infinito
369 1784 410 1826 ne
433 1784 561 1826 causam
585 1783 681 1825 causa
702 1770 864 1845 sequatur,
1214 1778 1252 1844 25
1259 1777 1273 1844 5

156 1865 259 1929 libera
279 1887 338 1949 per
359 1873 461 1929 terras
483 1864 569 1928 unde
592 1865 672 1928 haec
693 1865 915 1929 animantibus
937 1873 1044 1930 exstat

156 1969 242 2033 unde
264 1979 314 2033 est
336 1970 422 2046 haec,
445 1969 587 2052 inquam,
609 1969 685 2033 fatis
708 1969 816 2033 avolsa
836 1978 973 2054 potestas

155 2095 213 2158 per
235 2096 332 2159 quam
354 2073 577 2159 progredimur
598 2095 662 2157 quo
685 2072 775 2137 ducit
797 2092 959 2157 quemque
981 2073 1138 2150 voluntas,

155 2177 354 2243 declinamus
376 2179 456 2243 item
478 2185 586 2242 motus
608 2200 667 2241 nec
689 2186 833 2263 tempore
856 2186 943 2242 certo
1096 2249 1099 2255 ⁴

156 2303 214 2345 nec
237 2282 367 2367 regione
389 2282 451 2346 loci
473 2292 570 2360 certa,
592 2284 647 2347 sed
671 2283 728 2347 ubi
751 2283 820 2368 ipsa
843 2283 921 2345 tulit
944 2285 1058 2346 meust
1213 2285 1277 2348 260

156 2407 232 2449 nam
255 2385 353 2449 dubio
374 2387 485 2471 procul
511 2387 562 2450 his
585 2387 681 2450 rebus
704 2409 762 2450 sua
784 2387 901 2471 cuique
923 2387 1074 2451 voluntas

155 2489 351 2574 principium
373 2491 430 2554 dat
452 2499 486 2555 et
508 2491 584 2554 hinc
606 2501 713 2556 motus
736 2514 794 2576 per
815 2491 961 2555 membra
982 2490 1141 2576 rigantur.

155 2614 262 2657 nonne
284 2593 374 2658 vides
396 2593 496 2658 etiam
518 2580 689 2680 patefactis
711 2605 858 2681 tempore
880 2604 1001 2681 puncto

155 2697 334 2761 carceribus
355 2720 420 2761 non
441 2720 534 2783 posse
556 2707 668 2764 tamen
689 2722 896 2785 prorumpere
919 2722 1072 2786 equorum

156 2798 223 2862 vim
245 2799 396 2884 cupidam
419 2808 488 2865 tam
511 2801 550 2866 de
573 2801 681 2866 subito
703 2825 802 2887 quam
825 2825 916 2868 mens
938 2811 1014 2868 avet
1035 2802 1130 2886 ipsat
1213 2819 1232 2865 2

156 2901 261 2966 omnis
284 2903 370 2967 enim
393 2912 500 2969 totum
523 2928 716 2991 percorpus
739 2905 888 2971 materiai

155 3005 247 3090 copia
269 3006 416 3090 conquiri
438 3008 545 3085 debet,
568 3008 694 3073 concita
716 3031 774 3093 per
796 3018 887 3074 artus

156 3109 259 3172 omnis
281 3118 320 3173 ut
343 3111 489 3176 studium
512 3114 632 3178 mentis
654 3114 769 3178 conixa
791 3121 962 3199 sequatur;

65 3315 138 3359 rant.
237 3309 284 3356 241
302 3325 327 3357 se
344 3308 367 3357 is
384 3309 467 3360 found
483 3311 512 3359 in
528 3312 565 3360 all
581 3327 644 3361 mss.
742 3314 790 3364 247
806 3329 832 3362 se
849 3312 935 3362 before
952 3320 988 3362 est
1005 3311 1087 3361 added
1106 3311 1140 3374 by
1156 3311 1225 3363 Flor.
1245 3313 1276 3361 sl

69 3390 222 3439 Cambete.
321 3390 450 3441 24911010
461 3390 545 3442 added
555 3393 590 3456 by
600 3394 671 3441 Nico.
684 3392 769 3442 whom
785 3394 821 3442 all
836 3394 924 3443 before
941 3393 1022 3443 Lech.
1039 3392 1137 3456 rightly
1148 3393 1277 3443 followed:

65 3472 87 3520 it
99 3485 152 3519 was
163 3469 287 3520 absorbed
297 3471 332 3534 by
343 3471 388 3520 the
400 3472 498 3521 similar
509 3474 599 3523 letters
610 3474 638 3522 in
650 3479 758 3537 sapione.
793 3478 866 3524 nullu
877 3478 977 3537 reqione
989 3474 1072 3524 Lech.
1161 3477 1210 3524 250
1226 3479 1277 3525 De-

67 3555 168 3602 cliaure
180 3555 237 3615 qais
250 3560 287 3601 est
298 3556 343 3616 qai
351 3557 432 3616 possit
443 3571 541 3604 cernere
552 3572 614 3606 sese:
632 3557 686 3606 this
702 3555 808 3618 reading
825 3557 853 3606 of
868 3557 904 3606 all
920 3542 981 3607 mss.
1002 3556 1054 3606 and
1071 3555 1184 3605 editions
1194 3558 1208 3605 I
1219 3571 1278 3606 now

66 3636 144 3696 keep:
162 3633 207 3683 the
223 3638 318 3683 constr.
336 3635 359 3683 is
375 3639 422 3684 not
439 3635 547 3685 harsher
563 3638 629 3687 than
647 3638 734 3688 others
751 3640 780 3686 in
796 3639 887 3689 Luca:
906 3653 948 3688 see
964 3639 1073 3688 1101012.
1107 3639 1137 3687 de
1149 3654 1175 3688 se
1186 3637 1234 3688 Ed
1249 3638 1278 3687 in

67 3717 148 3767 small
159 3717 197 3766 ed.
213 3717 253 3766 for
263 3733 323 3766 sese.
356 3734 441 3768 cemus
453 3720 530 3770 Bern.
562 3729 674 3784 praestet
685 3721 764 3772 Lech.
780 3722 819 3770 for
826 3725 916 3784 possit.
1015 3722 1062 3770 251
1074 3727 1153 3770 motus
1163 3720 1232 3770 Flor.
1244 3721 1277 3769 31

67 3797 159 3846 Camb.
171 3797 297 3847 1011110111.
399 3800 447 3847 252
464 3815 559 3862 semper
575 3801 657 3849 added
674 3803 742 3850 after
758 3805 872 3851 1110111111
887 3801 920 3864 by
931 3801 1002 3850 Nice.
1014 3801 1083 3850 Flor.
1095 3801 1127 3849 31
1139 3801 1228 3850 (lamb.
1242 3801 1278 3850 all

66 3881 165 3931 editors
175 3881 261 3928 before
272 3880 351 3930 Laeh.
388 3867 475 3931 exacto
492 3882 575 3932 added
592 3884 626 3946 by
642 3884 723 3934 Laeh.
740 3884 827 3933 before
844 3887 970 3934 exoritur:
987 3883 1122 3947 obviously
1136 3887 1183 3933 not
1200 3883 1277 3945 right,

67 3959 158 4011 aethe
175 3975 230 4009 new
244 3961 346 4009 motion
361 3961 422 4010 does
439 3966 486 4011 not
503 3963 561 4013 first
576 3964 651 4026 begin
665 3964 739 4014 when
754 3964 799 4014 the
815 3964 889 4013 other
904 3979 1004 4015 cesses:
1021 3964 1067 4014 the
1080 3979 1173 4013 reason
1190 3964 1219 4014 of
1233 3963 1279 4013 the

67 4043 195 4094 omission
212 4059 264 4092 was
282 4043 326 4092 the
345 4061 439 4108 semper
456 4047 485 4095 of
499 4047 556 4096 251.
589 4063 667 4096 novas
687 4056 762 4112 atque
782 4064 811 4098 ea
828 4050 915 4098 ordine
932 4048 1008 4097 Pont.
1107 4049 1154 4100 257
1168 4056 1279 4111 potestas

67 4126 149 4176 Lech.
166 4127 207 4174 for
223 4129 355 4189 voluptas:
376 4143 392 4177 a
409 4129 508 4178 certain
525 4129 682 4180 correction:
705 4145 789 4192 comp.
809 4132 872 4180 286:
896 4129 987 4182 Lamb.
1007 4130 1035 4179 in
1051 4129 1113 4180 rain
1130 4133 1279 4192 transposes

67 4212 186 4272 voluptas
203 4209 256 4258 and
273 4211 389 4260 veluntas
406 4213 435 4260 of
450 4214 513 4263 258:
530 4213 598 4263 Flor.
619 4213 649 4260 31
668 4212 756 4263 (lamb.
776 4212 843 4263 have
860 4215 974 4275 voluptas
991 4211 1019 4261 in
1036 4210 1100 4261 both
1117 4213 1210 4274 places,
1230 4213 1278 4262 but

67 4292 90 4342 it
101 4307 151 4341 can
162 4291 192 4341 be
203 4291 273 4354 n'ght
284 4291 313 4340 in
323 4293 433 4344 neither.
533 4296 581 4345 264
599 4310 717 4357 equorum
732 4294 803 4346 Brix.
822 4295 869 4344 for·
880 4310 990 4357 quorum,
1010 4296 1056 4343 not
1073 4293 1144 4342 Nico.
1161 4294 1230 4343 Flor.
1247 4296 1277 4343 31

67 4373 160 4425 camb.
182 4387 212 4422 or
231 4372 291 4422 Ver.
311 4373 376 4424 Ven.
492 4376 541 4428 ast
562 4377 679 4438 conquiri
696 4376 719 4425 A
736 4390 801 4426 corr.
820 4376 892 4426 Gott.
909 4376 980 4425 Nice.
997 4375 1066 4438 vulg.
1084 4374 1124 4423 for
1140 4377 1235 4426 conciri
1252 4378 1281 4427 of
