2842 4860
687 248 718 310 V

186 407 320 473 collibus
343 414 377 472 et
398 407 519 493 campis
541 414 580 471 ut
602 407 767 484 haberent,
790 415 888 493 atque
911 407 1053 472 olearum

187 511 314 576 caerula
335 510 537 597 distinguens
559 510 645 574 inter
666 511 762 597 plaga
783 533 909 576 currere
931 519 1039 596 posset

186 638 245 702 per
266 617 408 688 tumulos
430 623 464 679 et
486 615 638 680 convallis
660 638 852 701 camposque
874 616 1003 701 profusa
1014 640 1022 696 ;

188 727 227 784 ut
248 743 334 784 nune
356 742 424 784 esse
446 720 535 784 vides
558 720 645 785 vario
668 721 822 786 distincta
843 724 950 808 lepore

188 824 303 901 omnia,
327 848 408 911 quae
430 825 533 911 pomis
556 826 705 890 intersita
727 825 875 890 dulcibus
897 834 1013 890 ornant

188 930 391 1015 arbustisque
413 937 528 995 tenent
550 930 696 995 felicibus
718 930 824 1015 opsita
845 930 972 995 circum.
1010 989 1012 994 ,

232 1034 279 1097 At
301 1032 439 1118 liquidas
462 1033 571 1097 avium
593 1055 685 1097 voces
708 1032 865 1097 imitarier
887 1055 940 1097 ore

188 1146 265 1203 ante
287 1139 350 1203 fuit
371 1139 475 1202 multo
498 1160 595 1223 quam
617 1138 702 1203 levia
723 1138 864 1203 carmina
885 1145 984 1203 cantu

115 1321 117 1325 ,
189 1242 408 1307 concelebrare
430 1241 576 1306 homines
597 1250 728 1327 possent
750 1242 900 1328 aurisque
922 1242 1039 1308 iuvare.

190 1355 224 1412 et
246 1346 384 1433 zephyri,
406 1369 484 1411 cava
504 1369 563 1432 per
584 1348 787 1425 calamorum,
810 1348 905 1413 sibila
926 1348 1067 1436 primum

189 1452 325 1540 agrestis
347 1452 482 1516 docuere
504 1474 597 1516 cavas
619 1451 731 1517 inflare
753 1451 881 1517 cicutas.

190 1555 266 1620 inde
287 1553 476 1618 minutatim
499 1553 601 1619 dulcis
624 1555 763 1620 didicere
787 1556 952 1641 querellas

190 1660 272 1726 tibia
294 1683 372 1746 quas
395 1659 502 1723 fundit
525 1658 636 1746 digitis
658 1662 787 1745 pulsata
809 1668 991 1737 canentum,

190 1763 263 1830 avia
283 1786 341 1849 per
362 1785 492 1827 nemora
514 1785 551 1827 ac
573 1761 668 1826 silvas
691 1763 856 1848 saltusque
879 1770 1014 1847 reperta,

189 1891 247 1954 per
268 1867 337 1932 loca
358 1874 523 1955 pastorum
545 1865 672 1930 deserta
693 1873 791 1951 atque
815 1865 882 1930 otia
903 1865 963 1930 dia

190 1972 269 2036 haec
290 1971 414 2036 animos
436 1970 507 2034 ollis
529 1970 716 2034 mulcebant
737 1977 836 2055 atque
858 1968 1015 2034 iuvabant

190 2099 264 2141 cum
286 2075 403 2140 satiate
425 2074 509 2154 cibi;
537 2096 613 2138 nam
635 2082 707 2137 tum
729 2074 805 2139 hoec
827 2082 903 2138 sunt
926 2073 1033 2138 omnia
1054 2072 1150 2139 cordi

190 2202 285 2265 saepe
307 2178 417 2263 itaque
439 2177 525 2242 inter
547 2199 580 2242 se
602 2177 755 2262 prostrati
777 2177 811 2241 in
833 2177 978 2266 gramine
1000 2177 1091 2242 molli

189 2291 321 2371 propter
342 2305 444 2368 aquae
466 2282 568 2347 rivom
590 2283 650 2346 sub
672 2282 770 2347 ramis
792 2283 913 2347 arboris
935 2284 1020 2348 altae

191 2410 255 2453 non
277 2387 401 2473 magnis
424 2387 538 2472 opibus
559 2386 698 2451 iucunde
721 2409 851 2472 corpora
872 2387 1043 2464 habebant,

190 2492 379 2580 praesertim
402 2515 476 2557 cum
498 2499 673 2577 tempestas
696 2491 823 2556 ridebat
846 2500 879 2555 et
901 2491 978 2555 anni

192 2607 338 2684 tempora
358 2596 537 2684 pingebant
559 2595 727 2660 viridantis
749 2587 880 2662 floribus
902 2597 1024 2662 herbas

192 2710 264 2767 tum
286 2702 362 2779 ioca,
385 2708 457 2765 tum
480 2723 591 2778 sermo,
614 2709 687 2764 tum
709 2699 819 2765 dulces
842 2723 910 2765 esse
932 2700 1080 2766 cachinni

192 2813 389 2872 consuerant.
420 2805 555 2893 agrestis
578 2805 665 2870 enim
687 2813 759 2870 tum
782 2829 875 2871 musa
896 2806 1045 2894 vigebat;

193 2919 264 2975 tum
286 2918 385 2995 caput
406 2916 504 2995 atque
527 2932 654 2974 umeros
675 2910 778 2995 plexis
800 2909 950 2975 redimire
972 2909 1094 2976 coronis

192 3015 323 3080 floribus
346 3024 379 3080 et
402 3015 485 3080 foliis
507 3015 638 3079 lascivia
659 3016 746 3080 laeta
767 3017 929 3094 monebat,

190 3126 288 3205 atque
311 3127 402 3184 extra
423 3141 595 3183 numemm
616 3118 786 3204 procedere
809 3120 954 3185 membra
975 3127 1141 3185 moventes

192 3223 317 3315 duriter
338 3232 371 3288 et
393 3223 473 3288 duro
495 3231 614 3288 terram
636 3223 718 3308 pede
739 3224 859 3308 pellere
880 3233 1037 3305 matrem;

193 3326 280 3392 unde
302 3326 487 3391 oriebantur
508 3326 591 3391 risus
612 3326 785 3412 dulcesque
807 3327 962 3405 cachinni,

194 3432 301 3497 omnia
323 3431 409 3518 quod
430 3454 513 3496 nova
534 3439 606 3494 tum
628 3431 731 3518 magis
753 3431 831 3496 haec
854 3441 888 3496 et
910 3433 992 3499 mira
1013 3432 1175 3519 vigebant.

195 3543 228 3601 et
250 3534 460 3621 vigilantibus
482 3534 557 3599 hinc
580 3533 713 3600 aderant
736 3535 852 3600 solacia
873 3537 985 3613 somni,

195 3640 310 3705 ducere
332 3639 533 3704 multimodis
555 3661 647 3703 voces
670 3647 704 3704 et
726 3639 854 3705 flectere
877 3649 990 3705 cantus

195 3752 229 3808 et
251 3767 367 3831 supera
388 3745 525 3809 calamos
547 3767 630 3807 unco
651 3766 834 3829 percurrere
857 3745 964 3825 labro;

110 3995 185 4038 terra.
285 3987 348 4036 1383
366 3988 528 4039 rae9=1454
546 3988 618 4050 1455,
633 3988 685 4038 and
696 4003 739 4038 are
750 3988 812 4038 here
824 3989 894 4051 quite
905 3991 950 4039 out
962 3990 990 4039 of
1002 3990 1083 4054 place.
1184 3990 1251 4043 1391
1268 4000 1323 4043 tran

102 4070 170 4130 ¹hoec
186 4075 245 4117 eunt
262 4071 344 4117 omniu
357 4072 401 4118 ‘ut
417 4068 523 4130 quidam
536 4070 637 4131 legunt'
649 4085 709 4134 says
725 4071 816 4123 Lamb.
831 4072 871 4121 ior
888 4081 939 4122 tum
955 4081 1013 4122 111111
1029 4074 1125 4122 omnia:
1145 4087 1232 4136 comp.
1246 4073 1320 4126 1404„

110 4157 162 4198 tum
172 4157 231 4198 eunt
241 4151 354 4198 carmina
365 4149 443 4200 Lech.
458 4153 512 4200 otio
523 4150 610 4202 Faber.
740 4152 804 4204 1397
821 4155 878 4202 ioca
888 4153 956 4205 Flor.
971 4152 1002 4201 31
1015 4153 1080 4202 Mar.
1091 4151 1149 4204 Ald.
1165 4153 1179 4200 1
1191 4153 1208 4203 J
1209 4157 1270 4204 unt.
1282 4155 1325 4206 for

104 4232 172 4280 toea.
272 4229 336 4279 1400
352 4233 464 4281 nwnebat
475 4231 544 4280 Flor.
557 4232 587 4281 31
601 4232 666 4281 Mar.
678 4232 752 4282 runt.
764 4234 805 4282 for
815 4235 935 4284 movebat.
1046 4233 1108 4284 1405
1124 4228 1225 4284 solacia
1241 4239 1324 4289 tonui

109 4312 201 4364 namt.
218 4312 297 4364 Laoh.
317 4313 357 4363 sor
376 4316 471 4363 solacia
489 4331 579 4365 somno.
616 4319 732 4367 ‘secutus
749 4331 808 4366 eum
828 4317 941 4368 codicem
958 4316 1128 4368 Vaticanum'
1144 4333 1207 4383 says
1226 4321 1322 4377 11111111

109 4395 152 4446 All
165 4394 211 4445 the
226 4408 288 4445 mss.
301 4396 329 4447 at
344 4398 450 4460 present
465 4395 492 4444 in
504 4395 548 4448 the
560 4396 670 4451 Vatioan
682 4397 755 4463 have,
770 4398 784 4448 I
799 4398 903 4465 believe,
917 4413 1010 4452 somno:
1030 4398 1077 4452 but
1088 4398 1166 4467 again
1177 4401 1234 4455 and
1244 4405 1325 4475 again
