2842 4860
729 242 779 309 VI

236 419 271 476 et
293 409 410 496 quibus
432 409 544 474 effiant
566 406 670 472 causis
691 413 826 492 apparet
850 404 956 491 orig03

236 515 334 580 ianua
355 536 396 578 ne
419 514 500 577 forte
523 511 574 576 his
597 510 673 576 Orci
694 509 879 596 regionibus
901 530 969 574 esse

237 618 394 694 credatur,
416 623 489 702 post
511 615 587 679 hinc
609 613 733 678 animas
755 611 952 676 Acheruntis
973 611 1009 674 in
1031 633 1102 676 oras

237 723 353 788 ducere
375 722 456 784 forte
480 719 556 783 deos
577 717 682 781 manis
703 715 827 780 inferne
850 736 986 792 reamur,

237 827 368 892 naribus
390 824 533 912 alipedes
554 831 593 887 ut
616 821 702 887 cervi
724 843 819 906 saepe
841 827 1002 906 putantur

237 931 353 995 ducere
376 929 416 993 de
438 926 571 992 latebris
593 925 757 1010 serpentia
779 925 884 989 saecla
906 926 1054 989 ferarum.

237 1031 323 1118 quod
345 1030 454 1117 procul
477 1052 497 1093 a
518 1051 595 1093 vera
617 1050 713 1114 quam
736 1027 779 1091 sit
801 1026 925 1090 ratione
947 1026 1112 1111 repulsum

237 1137 386 1223 percipe;
416 1158 491 1200 nam
515 1135 555 1199 de
577 1157 611 1198 re
634 1156 720 1197 nunc
742 1133 812 1218 ipsa
834 1132 939 1197 dicere
961 1154 1063 1197 conor.

282 1241 443 1325 Principio
465 1240 525 1304 hoo
547 1239 626 1317 dico,
649 1238 736 1324 quod
758 1237 826 1302 dixi
847 1259 943 1322 saepe
966 1258 1092 1323 quoque
1115 1243 1204 1313 ante,

238 1344 381 1408 interra
403 1342 558 1427 cuiusque
580 1340 669 1406 modi
690 1363 798 1405 rerum
820 1363 888 1405 esse
911 1341 1050 1426 figuras3

238 1446 351 1523 multa,
376 1445 447 1509 cibo
469 1466 551 1530 quae
574 1451 660 1521 sunt,
682 1442 803 1520 vitalia,
825 1443 1003 1529 multaque,
1024 1442 1152 1506 morbos

238 1550 384 1614 incutere
407 1555 441 1612 et
463 1555 601 1611 mortem
624 1568 707 1631 quae
730 1545 853 1632 possint
875 1546 1062 1611 adcelerare.

239 1660 274 1717 et
295 1651 399 1737 magis
421 1672 489 1714 esse
512 1649 583 1713 ahie
605 1648 685 1713 alias
707 1647 928 1713 animantibus
949 1656 1043 1734 aptas

239 1778 289 1820 res
312 1754 354 1820 ad
375 1754 456 1818 vitai
478 1753 637 1818 rationem
659 1752 858 1817 ostendimus
880 1760 956 1820 ante

239 1867 372 1944 propter
393 1855 582 1922 dissimilem
604 1863 755 1920 naturam
777 1854 1004 1942 dissimilisque

240 1971 387 2028 texturas
409 1961 496 2026 inter
517 1984 585 2026 sese
609 1961 793 2047 primasque
815 1960 943 2047 figuras.

240 2067 345 2131 multa
366 2075 478 2131 meant
499 2065 631 2130 inimica
652 2089 710 2152 per
731 2065 826 2143 auris,
848 2066 953 2130 multa
975 2088 1033 2151 per
1053 2065 1139 2151 ipsas

240 2168 408 2233 insinuant
430 2169 516 2232 naris
538 2168 657 2232 infesta
678 2175 777 2254 atque
799 2190 913 2253 aspera
933 2167 1030 2245 iactu,

241 2295 301 2336 nec
323 2280 400 2337 sunt
422 2272 528 2336 multa
549 2293 664 2356 parurn
686 2278 777 2335 tactu
800 2271 934 2335 vitanda
954 2294 1059 2357 neque
1082 2279 1195 2337 autem

241 2384 374 2461 aspectu
397 2374 551 2461 fugienda
574 2397 750 2460 saporeque
772 2374 880 2438 tristia
902 2397 984 2460 quae
1007 2375 1081 2440 sint.

285 2478 412 2542 Deinde
435 2477 543 2542 videre
567 2477 643 2541 licet
666 2499 764 2563 quam
786 2478 909 2542 multae
933 2477 999 2541 sint
1021 2478 1145 2542 homini
1167 2501 1220 2544 res

243 2583 361 2648 acriter
381 2582 500 2646 infesto
522 2603 618 2646 sensu
640 2603 838 2666 spurcaeque
860 2603 1058 2667 gravesque3

243 2685 409 2749 arboribus
432 2683 572 2770 primum
596 2683 691 2748 certis
714 2683 821 2770 gravis
842 2684 958 2748 umbra
979 2684 1105 2749 tributa

243 2811 345 2875 usque
368 2787 457 2864 adeo,
480 2787 596 2873 capitis
618 2786 738 2851 faciant
759 2794 798 2850 ut
821 2809 916 2872 saepe
939 2787 1070 2866 dolores

244 2895 344 2981 siquis
366 2916 420 2958 eas
441 2902 554 2979 supter
575 2893 676 2958 iacuit
698 2900 878 2977 prostratus
900 2893 935 2956 in
957 2893 1073 2960 herbis.
1306 2898 1365 2979 785

244 3006 295 3064 est
317 2997 416 3062 etiam
438 2996 566 3084 magnis
588 2995 755 3061 Heliconis
777 2995 942 3061 montibus
964 2997 1057 3061 arbos

158 3250 285 3299 structure
296 3247 325 3298 of
337 3246 383 3297 the
394 3249 514 3296 sentence
526 3245 622 3309 calling
633 3246 673 3296 for
684 3261 699 3296 a
712 3245 883 3308 subjunctive.
950 3246 997 3297 761
1013 3248 1097 3308 efficat
1112 3249 1195 3296 causis
1211 3247 1293 3298 Lech.
1305 3248 1369 3298 fore

152 3332 223 3394 fiunt
245 3331 342 3379 causis:
363 3327 475 3391 perhaps
497 3330 594 3391 ecfiaat.
638 3343 650 3377 e
670 3330 753 3377 000111
769 3327 839 3391 fiant
858 3326 927 3376 Flor.
948 3327 979 3375 31
998 3325 1086 3376 Gamb.
1105 3329 1120 3376 3
1136 3327 1196 3377 Vat.
1215 3328 1282 3379 Mar.
1299 3330 1367 3392 vulg.

158 3412 258 3476 rightly
274 3412 394 3476 perhaps.
493 3410 999 3475 76201101117111118.1011101101111.
1033 3413 1145 3474 nepotis
1162 3412 1184 3460 A
1202 3426 1268 3462 corr.
1286 3413 1371 3466 Nicer

159 3495 272 3559 perhaps
287 3497 311 3544 ie
328 3493 421 3544 should
438 3494 469 3544 be
485 3493 611 3543 retained.
650 3496 733 3556 puteis
751 3493 863 3543 Turneb.
897 3495 984 3543 Puteia
1000 3493 1081 3543 Lech.
1098 3494 1116 3543 i.
1124 3509 1147 3544 e.
1165 3494 1333 3547 Puteolanis:
1355 3512 1371 3548 a

160 3577 232 3640 quite
249 3576 419 3639 unexampled
435 3576 511 3638 form,
525 3577 579 3627 and
593 3580 640 3626 not
654 3577 669 3626 I
684 3576 761 3626 think
773 3576 857 3626 suited
868 3580 895 3627 to
906 3576 951 3627 the
962 3580 1074 3628 context.
1110 3593 1140 3627 ae
1153 3581 1240 3640 potira
1256 3579 1370 3630 110011

161 3656 250 3706 (lamb.
262 3658 277 3704 2
288 3656 347 3706 Vat.
359 3656 424 3706 Mar.
439 3658 500 3707 eta:
517 3655 599 3706 hence
609 3657 700 3708 Lamb.
714 3672 745 3706 ae
758 3659 796 3706 his
809 3659 868 3707 Orci
882 3660 975 3720 potius.
1009 3673 1039 3707 ae
1051 3660 1137 3721 posita
1149 3661 1200 3709 biis
1211 3659 1288 3709 Wak.

194 3735 241 3787 763
254 3742 313 3799 port
331 3737 398 3785 binc.
427 3743 510 3799 posta,
524 3737 581 3786 biae
599 3737 664 3786 Mar.
677 3736 751 3787 Junt.
762 3737 852 3787 Lamb.
865 3741 913 3787 etc.
1045 3738 1093 3789 764
1109 3739 1207 3801 inferne
1224 3739 1317 3792 Lamb.
1332 3740 1372 3791 lor

160 3820 270 3882 inserita.
369 3817 417 3868 768
433 3833 492 3866 aum
509 3818 784 3879 1111000110111103
818 3820 848 3868 cte
859 3834 886 3868 re
902 3832 953 3868 om.
966 3819 1001 3866 A:
1020 3817 1101 3868 hence
1115 3818 1227 3868 omitted
1241 3834 1271 3869 or
1287 3824 1372 3871 trans

159 3898 428 3962 posedinlatermss.
461 3914 566 3962 namque
577 3902 634 3962 ipsa
646 3902 676 3949 de
687 3915 714 3949 re
726 3900 795 3961 vulg.
905 3901 952 3952 771
965 3903 1019 3950 cibo
1031 3917 1094 3964 puae
1105 3909 1164 3950 suat
1174 3901 1250 3951 Wak.
1262 3903 1322 3953 first
1333 3905 1374 3955 for

160 3985 214 4034 cibo
226 3997 286 4045 epae
297 3989 363 4031 auat.
398 3983 491 4031 homini
503 3997 565 4044 puae
576 3989 635 4031 auat
645 3982 736 4032 Lamb.
749 3985 798 4032 etc.
930 3986 977 4036 777
995 3987 1065 4033 auris
1078 3985 1143 4033 Mar.
1156 3987 1219 4046 (acc.
1232 3987 1260 4035 to
1272 3986 1370 4039 Victor.

159 4064 207 4115 but
217 4067 265 4114 not
276 4063 305 4112 in
317 4061 376 4127 ms.)
388 4062 446 4113 Ald.
459 4064 472 4112 1
484 4063 559 4112 dunt.
571 4063 612 4112 for
622 4079 706 4113 auras.
823 4066 870 4116 778
887 4080 977 4128 aspera
988 4067 1059 4114 iactu
1069 4065 1118 4114 nd.
1132 4066 1171 4115 for
1182 4082 1273 4128 aspero
1286 4075 1371 4119 tactu:

160 4149 252 4210 iacere,
265 4149 378 4196 adiectus
395 4161 438 4197 are
455 4145 579 4209 specially
596 4145 653 4196 said
669 4147 697 4195 of
713 4147 794 4210 small,
810 4162 839 4197 as
855 4162 877 4196 11
894 4149 942 4198 846
959 4163 986 4197 rr
1002 4148 1064 4198 673:
1084 4163 1168 4210 comp.
1186 4149 1281 4198 aleon
1298 4153 1371 4205 1047.

160 4229 247 4280 Bentl.
260 4227 367 4279 defends
384 4235 461 4287 tactu,
472 4226 585 4290 perhaps
601 4227 706 4290 rightly.
741 4244 831 4291 aspera
847 4231 941 4280 adactu
956 4230 1048 4281 Laoh:
1067 4229 1114 4280 but
1129 4232 1222 4280 adactu
1237 4231 1375 4296 implices

162 4311 260 4361 violent
271 4309 359 4359 thrust
370 4324 399 4359 or
410 4308 493 4367 effert,
506 4323 535 4358 as
546 4309 575 4358 of
588 4323 727 4371 aucupen,
740 4324 755 4359 a
766 4308 850 4360 tooth.
884 4313 956 4360 odore
968 4311 1059 4360 Lamb.
1072 4311 1112 4361 ed.
1125 4313 1140 4359 2
1152 4311 1204 4360 and
1215 4314 1241 4362 3.

195 4393 244 4446 780
259 4394 346 4443 tristia
357 4390 426 4441 Flor.
439 4393 470 4440 31
482 4390 571 4441 (lamb.
584 4390 655 4441 Mon.
668 4391 727 4442 Ver.
741 4391 804 4441 Ven.
817 4392 857 4441 for
869 4394 937 4442 tristi
939 4395 983 4445 tia.
1086 4394 1133 4444 788
1148 4394 1205 4443 ideo
1217 4397 1293 4445 terris
1305 4397 1373 4452 Mar.
