2842 4860
170 244 232 306 144
744 228 798 293 III

252 388 413 453 interiisse
436 398 470 454 et
489 412 573 476 quae
595 411 682 455 nuno
704 398 753 455 est
775 414 861 455 nunc
884 413 952 457 esse
975 400 1124 457 creatam.

295 491 467 558 Praeterea
488 493 515 558 si
537 493 603 557 iam
626 495 767 579 perfecto
789 516 919 580 corpore
941 495 1034 560 nobis

251 597 363 662 inferri
385 599 511 664 solitast
533 597 635 662 animi
657 598 766 662 vivata
787 606 930 683 potestas
1313 600 1380 665 680

251 708 324 763 tum
345 723 420 765 cum
441 701 607 786 gignimur
629 709 662 765 et
684 700 772 765 vitae
794 723 867 765 cum
890 700 992 765 limen
1014 700 1144 778 inimus

250 802 338 868 haud
360 805 408 868 ita
429 804 642 868 conveniebat
665 805 715 868 uti
738 826 812 868 cum
835 827 965 889 corpore
988 813 1022 868 et
1045 828 1111 868 una

251 928 325 969 cum
347 906 500 970 membris
521 906 672 970 videatur
694 907 728 969 in
751 907 821 990 ipso
844 907 999 992 sanguine
1022 928 1133 984 cresse,

252 1009 308 1073 sed
331 1010 423 1073 velut
445 1011 480 1072 in
502 1032 600 1074 cavea
622 1031 679 1095 per
701 1031 734 1073 se
758 1009 819 1074 sibi
839 1009 947 1074 vivere
970 1010 1079 1073 solam.

249 1137 401 1179 cosumus
421 1137 461 1179 ur
481 1136 575 1178 ssssu
595 1137 712 1178 coneus
733 1137 836 1178 raum
857 1137 998 1178 annuum
1019 1137 1104 1178 ounn
1309 1117 1373 1194 685

163 1223 229 1304 690
251 1219 336 1305 quod
359 1218 429 1281 fieri
452 1225 558 1281 totum
581 1225 694 1280 contra
715 1217 888 1280 manifesta
910 1216 1003 1280 docet
1024 1239 1098 1295 res;

250 1345 391 1408 namque
413 1322 461 1386 ita
483 1343 604 1386 conexa
626 1329 675 1386 est
697 1343 754 1406 per
776 1343 872 1384 venas
894 1321 1016 1384 viscera
1037 1342 1150 1384 nervos

250 1448 393 1511 ossaque,
416 1424 466 1488 uti
489 1424 603 1488 dentes
625 1446 754 1509 quoque
777 1445 872 1487 sensu
895 1423 1153 1508 participentur;

250 1531 380 1595 morbus
402 1537 440 1593 ut
462 1528 584 1592 indicat
606 1536 640 1592 et
661 1526 782 1612 gelidai
804 1527 943 1612 stringor
965 1527 1063 1612 aquai
1279 1593 1283 1600 ,

251 1642 285 1698 et
307 1633 389 1718 lapis
412 1653 589 1718 oppressus
612 1631 713 1695 subiit
735 1631 762 1694 si
784 1653 802 1694 e
825 1631 979 1715 frugibus,
1001 1653 1102 1716 asper.
1309 1633 1377 1712 690

163 1740 230 1802 686
252 1760 351 1822 quare
373 1737 473 1801 etiam
496 1743 594 1822 atque
617 1735 716 1799 etiam
739 1758 845 1820 neque
868 1735 1000 1821 originis
1022 1758 1091 1800 esse
1113 1736 1331 1819 putandumst

251 1840 392 1925 expertis
414 1839 538 1903 animas
560 1861 620 1903 nec
641 1839 699 1902 leti
722 1839 793 1923 lege
815 1839 946 1903 solutas,

249 1966 324 2006 nam
346 1965 452 2027 neque
473 1949 565 2025 tanto
589 1964 683 2026 opere
706 1941 835 2006 adnecti
857 1941 1001 2026 potuisse
1023 1940 1240 2026 putandumst

163 2047 229 2130 689
251 2046 435 2130 corporibus
456 2045 573 2108 nostris
596 2044 794 2108 extrinsecus
816 2044 1006 2121 insinuatas,

250 2174 317 2228 nec,
341 2162 408 2215 tam
432 2158 601 2215 contextae
623 2172 698 2214 cum
720 2149 794 2228 sint,
817 2151 903 2214 exire
927 2151 1079 2215 videntur
1307 2154 1371 2235 695

250 2255 426 2319 incolumes
448 2275 540 2338 posse
563 2261 596 2316 et
619 2253 723 2316 salvas
745 2253 906 2317 exsolvere
930 2275 1000 2318 sese

250 2359 400 2423 omnibus
423 2380 441 2421 e
463 2357 570 2421 nervis
592 2365 691 2441 atque
714 2357 838 2422 ossibus
861 2357 1078 2443 articulisque.

249 2461 335 2547 quod
359 2460 386 2524 si
408 2461 490 2524 forte
512 2468 607 2544 putas
630 2460 829 2524 extrinsecus
852 2461 1049 2524 insinuatam

248 2587 436 2648 permanare
459 2564 601 2627 animam
623 2563 715 2627 nobis
737 2586 795 2648 per
817 2564 961 2628 membra
985 2564 1093 2643 solere,

248 2677 342 2733 tanto
365 2669 486 2753 quique
508 2667 611 2751 magis
634 2689 708 2730 cum
731 2689 860 2752 corpore
882 2668 954 2731 fusa
975 2669 1103 2752 peribit.
1306 2685 1374 2752 700

248 2772 336 2856 quod
361 2779 531 2857 permanat
553 2772 641 2836 enim
664 2771 857 2848 dissolvitur,
880 2771 993 2836 interit
1015 2795 1098 2857 ergo,

248 2875 437 2960 dispertitus
461 2874 549 2938 enim
574 2896 631 2958 per
655 2875 763 2938 caulas
789 2875 928 2960 corporis
950 2876 1054 2939 omnis

247 2987 285 3043 ut
308 2977 407 3052 cibus,
428 2977 463 3040 in
486 2977 631 3041 membra
653 2985 752 3062 atque
775 2985 865 3041 artus
887 2999 961 3040 cum
986 2976 1109 3042 diditur
1131 2978 1244 3056 omnis,

247 3080 381 3165 disperit
403 3089 502 3168 atque
524 3081 621 3144 aliam
643 3090 794 3145 naturam
817 3079 934 3144 sufficit
961 3102 1062 3158 exse,

247 3186 293 3251 sic
315 3186 424 3249 anima
445 3194 544 3269 atque
564 3187 691 3249 animus
714 3185 863 3270 quamvis
881 3185 1009 3270 integra
1031 3209 1139 3250 recens
1161 3188 1197 3251 in
1302 3208 1368 3276 705

247 3310 361 3373 corpus
387 3297 476 3364 eunt,
500 3296 611 3350 tamen
636 3287 670 3349 in
696 3286 856 3350 manando
881 3287 1109 3365 dissoluuntur,

247 3393 327 3456 dum
351 3393 443 3477 quasi
466 3414 525 3478 per
548 3391 655 3455 caulas
682 3391 785 3455 omnis
809 3392 967 3456 diduntur
989 3393 1024 3455 in
1046 3402 1134 3458 artus

247 3498 424 3582 particulae
450 3497 569 3582 quibus
594 3497 672 3560 haec
697 3497 798 3560 animi
822 3507 939 3562 natura
962 3508 1096 3575 creatur,

250 3624 334 3687 quae
357 3601 498 3664 nuncin
525 3609 634 3664 nostro
657 3600 843 3664 dominatur
864 3623 993 3685 corpore
1016 3611 1094 3667 nata

160 3784 201 3832 for
217 3785 248 3831 ob
267 3783 284 3830 l.
308 3781 414 3842 loupiac.
525 3778 573 3826 685
595 3777 686 3826 Lamb.
706 3777 755 3826 has
776 3781 846 3826 most
867 3777 986 3839 properly
1007 3777 1129 3840 rejected:
1156 3778 1216 3828 itis
1235 3779 1333 3845 clearly
1353 3798 1371 3834 a

160 3864 282 3916 sarcastic
299 3864 375 3926 gloss.
408 3860 488 3911 Lach.
506 3861 605 3910 retains
624 3860 645 3910 it
664 3860 716 3909 and
735 3861 776 3909 for
793 3863 880 3922 affluat
898 3861 974 3910 reads
992 3868 1090 3910 arceat:
1113 3877 1147 3912 an
1166 3862 1282 3927 unlikely
1305 3879 1369 3914 con-

158 3949 262 4012 jecture.
361 3944 490 3995 teo-oso
514 3944 675 4004 (690-694):
700 3942 780 3992 Lech.
799 3958 851 3991 was
869 3941 915 3991 the
933 3942 990 3992 first
1010 3947 1037 3992 to
1054 3946 1189 4006 transpose
1207 3945 1279 3995 these
1297 3961 1369 4011 vss.;
1407 4003 1411 4011 ¹

160 4028 213 4079 and
229 4031 334 4088 strange
350 4025 372 4074 it
388 4025 411 4073 is
427 4024 460 4074 he
477 4024 571 4073 should
586 4024 652 4073 have
668 4024 732 4073 been
752 4023 797 4073 the
813 4024 879 4073 first.
1043 4025 1092 4076 689
1121 4029 1231 4075 Mortua.
1265 4030 1369 4080 Morene

159 4110 239 4160 Lach.
256 4109 334 4157 Bern.
349 4107 399 4156 Ed.
416 4106 546 4168 formerly.
645 4106 694 4156 690
710 4121 845 4168 oppressa
863 4107 941 4154 subiit
957 4108 981 4155 ai
1000 4122 1013 4156 e
1026 4108 1146 4171 srupilms
1165 4107 1242 4157 Bern.
1261 4109 1303 4158 for
1323 4128 1369 4175 op.

155 4208 255 4256 pressus
267 4193 356 4240 subitis
368 4205 380 4239 c
387 4189 514 4252 saepibus.
548 4204 684 4251 expressae,
696 4190 795 4236 subiens
808 4203 820 4236 e
827 4191 865 4252 fr.
877 4186 959 4237 Lech.
1073 4190 1121 4241 702
1131 4191 1287 4252 Dispertitus
1298 4197 1369 4245 enim

157 4274 237 4324 Lach.
249 4274 290 4322 for
301 4274 449 4334 dispertitur
460 4287 524 4333 erpo.
552 4273 711 4333 Dispertitur
722 4273 787 4320 enim
798 4271 874 4319 Pont.
887 4270 959 4319 Brix.
971 4271 1029 4320 Ald.
1043 4273 1056 4320 1
1068 4272 1159 4321 Lamb.

192 4357 238 4407 705
257 4357 369 4417 quamvis
385 4357 485 4415 intepra
503 4369 587 4402 recens
606 4355 635 4401 in
653 4353 719 4402 Mar.
738 4353 796 4402 Ald.
816 4354 829 4401 1
852 4354 927 4403 Junt.
947 4354 988 4403 for
1010 4358 1123 4417 quamvis
1146 4363 1182 4405 eat
1205 4360 1304 4419 intensa
1327 4376 1367 4410 re-
