2842 4860
155 251 216 312 126
730 245 785 308 III

238 408 397 495 quidquid
422 408 460 472 id
484 416 542 483 est,
568 405 729 471 habeant:
760 417 798 469 tu
825 416 934 470 cetera
957 406 1087 491 percipe
1111 405 1207 471 dicta
1299 421 1358 488 135

281 512 381 576 Nunc
402 510 550 574 animum
572 520 674 594 atque
696 510 840 573 animam
863 510 935 574 dico
958 510 1131 574 coniuncta
1153 509 1259 575 teneri

238 615 325 678 inter
346 636 381 678 se
404 623 505 699 atque
527 635 629 676 unam
651 622 804 677 naturam
827 612 981 676 conficere
1004 636 1046 677 ex
1068 635 1113 688 se,

239 717 296 782 sed
319 727 418 803 caput
441 739 512 781 eme
535 716 628 801 quasi
651 728 686 780 et
710 716 870 780 dominari
891 717 926 779 in
950 739 1080 800 corpore
1103 726 1173 780 toto

237 819 404 883 consilium
429 817 517 904 quod
539 841 598 882 nos
620 817 768 881 animum
792 829 1002 902 mentemque
1024 840 1184 882 vocamus

238 922 337 1007 idque
362 924 462 986 situm
488 921 596 985 media
620 921 752 1004 regione
776 921 811 983 in
837 921 976 1005 pectoris
1000 921 1123 985 haeret.
1301 938 1364 1000 140

239 1025 293 1089 hic
318 1024 445 1089 exultat
469 1024 557 1088 enim
582 1045 682 1108 pavor
706 1046 745 1087 ac
770 1034 886 1099 metus,
911 1023 992 1088 haec
1016 1023 1087 1087 loca
1111 1024 1231 1088 circum

239 1128 383 1192 laetitiae
408 1126 574 1205 mulcent;
608 1127 662 1190 hio
687 1149 764 1212 ergo
788 1149 881 1190 mens
904 1127 1139 1211 animusquest.

240 1241 347 1296 cetera
371 1253 445 1316 pars
469 1230 598 1294 animae
623 1252 683 1314 per
706 1239 814 1294 totum
836 1229 954 1314 'dissita
977 1252 1092 1314 corpus

240 1345 333 1420 paret
358 1333 460 1399 etad
485 1356 607 1397 numen
633 1334 754 1397 mentis
778 1355 972 1418 momenque
997 1343 1153 1398 movetur.

240 1440 339 1524 idque
362 1439 426 1503 sibi
448 1439 553 1502 solum
577 1460 636 1522 per
658 1460 693 1502 se
716 1436 811 1522 sapit,
834 1437 871 1500 id
893 1437 957 1500 sibi
979 1438 1111 1521 gaudet,
1302 1451 1360 1518 145

240 1566 315 1607 cum
338 1564 444 1627 neque
466 1564 518 1605 res
540 1541 681 1604 animam
706 1562 813 1624 neque
836 1562 950 1624 corpus
974 1550 1154 1605 commovet
1176 1563 1250 1604 una

241 1656 276 1710 et
301 1646 401 1730 quasi,
427 1668 501 1709 cum
527 1653 626 1729 caput
652 1653 711 1707 aut
736 1644 848 1708 oculus
873 1654 1059 1729 temptante
1085 1645 1194 1709 dolore

241 1751 382 1815 laeditur
404 1751 439 1813 in
462 1751 566 1826 nobis,
590 1772 656 1812 non
680 1749 770 1813 omni
793 1750 1033 1813 concruciamur

241 1877 380 1939 corpore,
403 1854 449 1918 sio
472 1853 600 1917 animus
623 1875 869 1938 nonnumquam
892 1853 1033 1917 laeditur
1055 1853 1125 1938 ipse

241 1958 430 2043 laetitiaque
454 1959 552 2043 viget,
577 1980 651 2021 cum
678 1966 786 2021 cetera
811 1980 886 2043 pars
911 1958 1033 2022 animai
1250 2010 1254 2018 .
1303 1973 1364 2039 150

240 2085 299 2148 per
322 2062 469 2127 membra
491 2072 591 2146 atque
614 2071 704 2126 artus
727 2062 819 2125 nulla
841 2063 987 2127 novitate
1009 2063 1121 2127 cietur.

240 2188 354 2230 verum
379 2164 437 2228 ubi
462 2164 606 2228 vementi
629 2165 733 2248 magis
756 2174 806 2228 est
829 2174 990 2229 commota
1012 2174 1104 2228 metu
1129 2187 1230 2245 mens,

241 2269 421 2334 consentire
448 2268 590 2331 animam
616 2276 720 2332 totam
744 2290 803 2352 per
828 2269 974 2333 membra
998 2268 1145 2333 videmus

242 2374 436 2458 sudoresque
462 2373 509 2436 ita
534 2372 753 2458 palloremque
779 2373 917 2437 existere
941 2381 1011 2437 toto

242 2500 371 2562 corpore
398 2487 432 2542 et
457 2477 590 2562 infringi
615 2477 762 2562 linguam
787 2460 962 2562 vocemque
987 2477 1113 2553 aboriri,
1303 2491 1360 2557 155

242 2581 381 2665 caligare
404 2581 521 2656 oeulos,
544 2602 656 2644 sonere
680 2581 776 2657 auris,
799 2580 962 2644 succidere
986 2589 1085 2655 artus,

242 2684 381 2769 denique
404 2683 569 2747 concidere
593 2705 634 2746 ex
659 2683 760 2746 animi
783 2690 904 2747 terrore
928 2683 1077 2747 videmus

242 2810 338 2872 saepe
363 2787 527 2865 homines3
557 2787 650 2851 facile
674 2795 713 2851 ut
737 2787 842 2871 quivis
866 2786 944 2851 hinc
966 2809 1095 2852 noscere
1118 2789 1219 2874 possit

243 2912 311 2956 esse
334 2890 476 2955 animam
500 2912 574 2954 oum
597 2890 705 2954 animo
728 2890 942 2967 coniunctam,
966 2913 1049 2975 quae
1072 2913 1147 2955 cum
1169 2893 1271 2958 animi
1293 2895 1328 2960 oi

242 3002 432 3081 percussam,
458 2995 544 3060 exim
571 3017 685 3079 corpus
710 2995 861 3079 propellit
887 3005 921 3059 et
946 2995 1010 3059 icit.
1303 3004 1366 3066 160

286 3100 379 3164 Haec
405 3100 518 3165 eadem
543 3101 626 3165 ratio
652 3114 804 3165 naturam
830 3101 931 3165 animi
957 3111 1056 3187 atque
1082 3101 1203 3167 animai

244 3226 426 3288 corpoream
453 3204 546 3268 docet
572 3226 659 3282 esse;
691 3204 749 3269 ubi
775 3203 863 3268 enim
889 3204 1066 3289 propellere
1092 3206 1246 3283 membra,

244 3307 400 3392 corripere
427 3329 466 3371 ex
492 3329 604 3372 somno
629 3329 743 3393 corpus
770 3320 960 3392 mutareque
986 3307 1115 3372 vultum

244 3420 342 3498 atque
366 3411 531 3476 hominem
555 3421 663 3477 totum
686 3435 796 3498 regere
820 3435 857 3477 ac
881 3434 1006 3477 versare
1029 3412 1167 3490 videtur,

245 3537 382 3600 quorum
407 3515 454 3578 nil
479 3515 549 3579 fieri
575 3515 645 3604 sine
671 3523 761 3580 tactu
787 3537 879 3599 posse
905 3515 1052 3579 videmus
1303 3522 1361 3601 165

244 3642 305 3683 nec
327 3627 451 3684 tactum
475 3641 568 3705 porro
592 3618 661 3684 sine
685 3640 823 3704 corpore,
846 3640 953 3681 nonne
977 3617 1178 3683 fatendumst

245 3745 395 3807 corporea
420 3731 537 3787 natura
562 3723 709 3787 animum
734 3732 880 3787 constare
905 3721 1136 3808 animamque?
1220 3803 1222 3806 Ι

245 3834 411 3911 praeterea
433 3826 555 3911 pariter
577 3825 669 3910 fungi
693 3848 767 3890 oum
792 3846 921 3910 corpore
945 3834 979 3889 et
1001 3848 1068 3889 una

245 3929 425 3995 consentire
448 3930 593 3994 animum
618 3929 709 3994 nobis
733 3930 767 3993 in
791 3951 921 4015 corpore
944 3930 1054 3994 cernis.

157 4131 265 4182 theold
286 4131 396 4194 vulgate.
502 4132 548 4181 135
566 4133 594 4180 id
610 4131 693 4182 added
709 4131 744 4195 by
759 4131 829 4181 Flor.
847 4132 878 4182 31
896 4129 986 4181 (lamb.
1093 4132 1139 4181 145
1161 4134 1238 4196 sopit,
1262 4136 1291 4183 id
1313 4138 1366 4186 sibi

159 4213 234 4265 Welr.
255 4213 295 4263 tor
311 4215 381 4276 rapit
397 4214 454 4264 riti.
497 4216 566 4277 sopit
582 4221 608 4286 et
627 4217 678 4265 riti
696 4215 767 4264 Nico.
787 4215 856 4277 vulg.
971 4213 1019 4262 154
1040 4215 1080 4262 ito
1098 4215 1268 4277 palloremque
1291 4217 1362 4269 Nice.

160 4294 225 4345 Mar.
243 4297 291 4344 eto.
306 4293 346 4343 for
363 4295 448 4356 itaque
464 4297 597 4356 pallorem.
630 4297 716 4358 itaquo
735 4303 760 4345 et
774 4297 898 4358 pallorem
915 4294 1005 4344 Lamb.
1025 4297 1073 4344 eto.
1173 4297 1220 4347 159
1236 4299 1318 4346 animi
1336 4303 1366 4349 vi

159 4374 222 4428 Van.
240 4375 305 4425 Mar.
323 4375 380 4424 first
395 4375 435 4424 for
451 4377 545 4424 animi:
563 4375 643 4425 Lech.
663 4376 686 4425 11
703 4391 804 4438 wrong:
821 4377 888 4426 Flor.
911 4377 941 4424 31
961 4375 1036 4425 reads
1053 4377 1158 4427 animai.
1192 4376 1249 4428 Ver.
1266 4391 1319 4429 om.
1335 4385 1366 4431 oi
