2842 4860
166 263 230 326 214
753 243 784 306 V

251 428 291 470 ex
313 404 440 468 infinito
462 404 527 468 iam
550 412 695 488 tempore
717 402 823 467 adhuc
845 402 1026 487 potuissent
1122 407 1124 412 ’

250 506 389 571 inmensi
411 506 533 570 validas
554 506 626 569 aevi
647 513 852 569 contemnere
874 506 964 570 vires.

294 610 444 695 Denique
467 617 635 694 tantopere
658 609 744 672 inter
766 631 799 672 se
822 600 896 672 cum
919 609 1061 672 maxima
1081 608 1197 672 mundi
1311 611 1373 688 380

250 720 398 799 pugnent
420 712 573 789 membra,
595 712 649 797 pio
671 735 875 797 nequaquam
897 713 1024 776 concita
1044 712 1137 787 belle,

250 838 356 880 nonne
379 816 468 879 vides
490 816 632 900 aliquam
655 816 743 901 longi
766 815 949 880 certaminis
972 815 1044 879 ollis

250 942 342 1004 posse
364 918 434 983 dari
456 918 577 983 finem?
607 919 658 983 vel
681 941 755 982 cum
777 919 824 981 sol
847 926 881 982 et
903 941 1001 1002 vapor
1023 916 1127 982 omnis

251 1023 399 1087 omnibus
422 1023 526 1107 epotis
548 1021 713 1086 umoribus
736 1020 977 1106 exsuperarint:

250 1125 336 1210 quod
357 1127 460 1190 facere
483 1125 667 1201 intendunt,
689 1147 794 1210 neque
816 1125 921 1188 adhuc
944 1132 1059 1188 conata
1080 1129 1271 1208 patrantur:
1311 1123 1370 1202 385

250 1236 380 1293 tantum
402 1229 613 1313 suppeditant
634 1251 746 1293 amnes
767 1228 916 1313 ultraque
939 1227 1106 1291 minantur

250 1333 359 1396 omnia
379 1332 536 1396 diluviare
559 1355 598 1395 ex
620 1333 687 1395 alto
709 1331 838 1418 gurgite
860 1330 961 1415 ponti,

249 1437 455 1521 nequiquam,
477 1437 629 1521 quoniam
651 1442 815 1498 verrentes
837 1457 976 1519 aequora
997 1432 1088 1497 venti

250 1538 445 1602 deminuunt
466 1538 627 1623 radiisque
650 1546 798 1601 retexens
820 1536 984 1601 aetherius
1006 1537 1061 1612 sol,

226 1666 228 1670 ⁴
250 1650 284 1706 et
306 1643 423 1707 siccare
445 1642 534 1728 prius
556 1641 722 1705 confidunt
744 1641 851 1704 omnia
873 1662 964 1725 posse

250 1768 347 1831 quam
369 1746 474 1831 liquor
495 1745 618 1830 incepti
638 1743 740 1829 possit
762 1744 948 1829 contingere
970 1743 1076 1806 finem.

250 1857 380 1913 tantum
402 1850 561 1935 spirantes
583 1870 685 1933 aequo
707 1846 882 1911 certamine
905 1845 1027 1909 bellum

249 1953 375 2039 magnis
397 1952 481 2017 iuter
494 1974 526 2017 se
548 1951 588 2014 de
610 1951 707 2015 rebus
729 1973 857 2014 cernere
879 1957 1013 2026 certant,
1070 1968 1072 1975 ·

248 2079 322 2120 cum
345 2056 444 2120 semel
466 2056 590 2119 interea
612 2054 710 2119 suerit
732 2053 934 2139 superantior
955 2052 1040 2139 ignis

249 2167 283 2223 et
305 2161 412 2236 semel,
434 2168 473 2223 ut
496 2160 582 2222 sama
603 2167 661 2236 est,
684 2181 776 2222 umor
798 2157 941 2244 regnarit
962 2157 998 2221 in
1020 2157 1110 2223 arvis

247 2261 333 2347 ignis
355 2262 442 2325 enim
464 2269 595 2346 superat
617 2269 651 2325 et
674 2261 819 2324 lambens
841 2262 946 2324 multa
967 2261 1115 2346 perussit,

247 2364 320 2427 avia
342 2387 416 2428 cum
438 2364 644 2428 Phaethonta
665 2386 764 2449 rapax
786 2365 835 2428 vis
857 2365 931 2428 solis
954 2386 1109 2449 equorum

247 2469 379 2533 aethere
401 2469 543 2554 raptavit
565 2478 635 2533 toto
657 2478 822 2554 terrasque
844 2492 902 2554 per
924 2469 1034 2533 omnis.

247 2580 283 2636 at
305 2581 398 2657 pater
419 2573 624 2658 omnipotens
646 2573 787 2637 iratum
810 2574 952 2658 percitus
974 2573 1039 2637 acri

247 2676 491 2762 magnanimum
514 2676 720 2740 Phaethonta
741 2676 869 2761 repenti
890 2676 1036 2740 fulminis
1057 2676 1125 2739 ictu

246 2779 433 2844 deturbavit
455 2781 546 2865 equis
568 2781 603 2843 in
625 2788 752 2856 terram,
775 2781 885 2864 solque
908 2779 1037 2843 cadenti

247 2883 360 2947 obvius
382 2890 547 2947 aeternam
569 2884 712 2968 succepit
734 2882 884 2968 lampada
905 2881 1019 2946 mundi

246 2984 458 3071 disiectosque
481 2986 607 3071 redegit
629 3009 727 3071 equos
749 2985 920 3071 iunxitque
942 2985 1120 3060 trementis,

245 3088 321 3151 inde
343 3111 439 3151 suum
460 3111 519 3173 per
539 3089 603 3152 iter
624 3089 780 3153 recreavit
802 3097 918 3152 cuncta
939 3088 1130 3174 gubernans,

246 3190 368 3254 scilicet
390 3199 429 3254 ut
451 3200 576 3256 veteres
599 3193 733 3258 Graium
756 3193 898 3256 cecinere
921 3199 1042 3276 poetae.
1301 3205 1367 3271 405

246 3293 332 3378 quod
353 3295 463 3378 procul
486 3318 506 3359 a
527 3318 603 3360 vera
624 3295 721 3359 nimis
743 3303 793 3359 est
815 3295 938 3359 ratione
960 3294 1133 3379 repulsum.

245 3395 330 3483 ignis
353 3397 440 3460 enim
462 3420 611 3481 superare
634 3406 741 3483 potest
763 3398 821 3462 ubi
843 3398 991 3461 materiai

247 3523 286 3565 ex
309 3500 437 3564 infinito
455 3511 536 3566 sunt
559 3526 689 3588 corpora
710 3503 804 3589 plura
826 3511 953 3582 coorta3

245 3602 321 3667 inde
344 3603 465 3667 cadunt
487 3605 571 3668 vires
593 3606 702 3691 aliqua
724 3607 847 3684 ratione
870 3607 1018 3682 revictae,

245 3722 303 3777 aut
325 3724 463 3800 pereunt
484 3739 535 3781 res
558 3726 690 3783 exustae
713 3718 909 3783 torrentibus
931 3718 1024 3783 auris
1301 3739 1373 3802 410

83 3917 91 3935 0
158 3902 249 3952 thinks
260 3902 319 3953 that
329 3902 377 3953 369
389 3903 442 3952 and
453 3906 501 3955 372
512 3920 555 3954 are
567 3904 772 3967 interpolatione.
860 3908 909 3955 382
925 3907 1069 3955 certaminis
1080 3907 1139 3955 ollis
1149 3905 1219 3954 Flor.
1231 3906 1262 3953 31
1276 3904 1370 3960 camb.

159 3987 223 4036 Mar.
236 3986 276 4035 for
288 3987 419 4034 certamini
430 3988 498 4035 solia
591 3990 639 4037 335
653 3996 799 4050 patrantur.
829 3988 1080 4051 patraruntGoebel.
1175 3986 1371 4052 aeternaque.

158 4067 273 4128 ultroque
289 4065 358 4113 Flor.
371 4065 402 4113 31
415 4065 503 4115 Gamb.
516 4066 581 4118 Mar.
595 4068 663 4129 vulg.
783 4071 831 4120 393
847 4072 914 4118 inter
925 4086 949 4119 se
960 4068 1073 4118 inserted
1087 4067 1122 4130 by
1132 4067 1212 4118 Lech.
1226 4067 1322 4127 before,
1335 4069 1373 4133 by

158 4148 229 4198 Nico.
251 4148 321 4197 Flor.
344 4147 375 4195 31
399 4146 487 4200 Gamb.
513 4149 584 4197 Mon.
607 4150 676 4211 vulg.
699 4150 767 4199 after
789 4153 818 4199 de
840 4153 920 4200 retra.
1036 4150 1083 4202 396
1110 4156 1211 4213 ruperat
1234 4151 1321 4214 (perf.)
1346 4161 1374 4204 et

159 4231 266 4279 lambens
287 4227 367 4278 Lech.
390 4227 430 4277 sor
452 4232 579 4291 asperavit
602 4237 626 4279 et
645 4232 750 4280 umbem.
776 4232 883 4280 lambens
902 4230 925 4280 B
944 4244 1027 4281 com:
1052 4245 1101 4280 nor
1121 4230 1171 4280 has
1193 4231 1293 4280 umbem
1315 4247 1374 4298 any

158 4310 295 4368 existence,
317 4308 432 4359 whether
454 4325 483 4359 as
505 4310 597 4373 partic.
620 4311 649 4361 of
668 4314 768 4362 ambedo
793 4327 822 4361 or
844 4314 932 4364 ambio.
1098 4313 1146 4363 399
1169 4319 1221 4360 tum
1241 4311 1314 4362 Flor.
1337 4315 1376 4365 ⁸1-

159 4392 247 4442 Gamb.
273 4391 338 4441 Mar.
362 4391 403 4439 for
424 4406 485 4442 cum.
673 4394 720 4441 405
751 4395 856 4442 Graium
878 4393 946 4444 Flor.
972 4393 1002 4441 31
1026 4392 1116 4442 Gamb.
1138 4392 1214 4442 Pont.
1237 4391 1306 4444 Mar.
1330 4395 1377 4447 for
