2842 4860
687 265 719 328 V

185 451 225 493 ex
248 429 383 494 ineunte
405 453 484 495 aevo
505 453 609 517 genus
631 431 665 496 id
687 439 797 496 tutata
819 453 993 497 reservans,

185 535 354 621 multaque
376 544 462 613 sunt,
484 535 576 600 nobis
599 558 639 600 ex
662 535 807 600 utilitate
830 558 889 600 sua
910 558 994 621 quae

185 638 410 703 commendata
430 647 573 718 manent,
595 640 719 703 tutelae
742 639 863 703 tradita
884 648 1020 704 nostrae.

185 742 342 828 principio
364 766 468 829 genus
489 767 560 808 acre
583 745 712 809 leonum
735 766 893 830 saevaque
916 744 1020 808 saecla

186 853 326 910 tutatast
348 846 459 923 virtus
482 847 592 931 volpes
614 847 706 911 dolus
728 855 762 910 et
785 848 863 932 fuga
884 868 999 910 cervos

187 957 222 1013 at
244 951 420 1016 levisomna
441 975 558 1016 canum
580 951 644 1017 fido
666 974 740 1016 cum
763 959 892 1036 pectore
915 950 1010 1015 corda

103 1065 106 1070 '
187 1061 222 1116 et
243 1075 347 1139 genus
369 1077 463 1119 omne
486 1055 573 1140 quod
595 1063 644 1119 est
666 1055 811 1119 veterino
833 1055 955 1118 semine
978 1061 1110 1139 partum

188 1157 414 1243 lanigeraeque
436 1159 532 1222 simul
554 1158 693 1244 pecudes
717 1166 750 1222 et
772 1160 892 1222 bucera
913 1159 1017 1222 saecla

188 1261 297 1325 omnia
319 1270 396 1325 sunt
418 1262 587 1326 hominum
610 1262 733 1326 tutelae
756 1261 885 1337 tradita,
908 1260 1052 1325 Memmi.
1138 1249 1140 1252 ’

188 1386 264 1426 nam
287 1364 403 1449 cupide
426 1366 537 1451 fugere
560 1367 642 1429 feras
663 1388 840 1451 pacemque
862 1372 974 1428 secuta

189 1475 267 1531 sunt
289 1476 323 1531 et
346 1469 435 1555 larga
456 1492 514 1533 suo
536 1470 605 1533 sine
627 1469 748 1554 pabula
769 1476 864 1554 parta
886 1468 1003 1543 labore,

189 1595 272 1658 quae
294 1573 409 1637 damus
431 1574 584 1638 utilitatis
606 1596 717 1637 corum
739 1572 882 1657 praemia
904 1594 1006 1637 causa.

190 1691 225 1748 at
248 1685 319 1770 quis
341 1685 388 1749 nil
410 1685 525 1749 horum
548 1685 664 1749 tribuit
686 1693 811 1761 natura,
833 1706 893 1747 nec
915 1683 986 1768 ipsa

190 1795 305 1872 sponte
327 1811 386 1852 sua
407 1797 538 1873 possent
560 1797 599 1852 ut
621 1788 728 1852 vivere
750 1811 810 1852 nec
831 1787 907 1851 dare
930 1786 1022 1850 nobis

191 1889 369 1954 utilitatem
391 1891 533 1977 aliquam
556 1914 655 1976 quare
677 1899 863 1975 pateremur
885 1912 995 1953 eorum

190 1992 348 2077 praesidio
370 2001 478 2057 nostro
500 1993 587 2078 pasci
609 2016 711 2080 genus
734 2015 865 2079 esseque
889 2000 1009 2068 tutum,

190 2095 312 2160 scilicet
335 2097 414 2160 haec
435 2097 507 2160 aliis
529 2096 666 2182 praedae
689 2096 840 2181 lucroque
863 2095 1011 2158 iacebant

191 2198 384 2285 indupedita
404 2201 471 2264 suis
493 2201 646 2265 fatalibus
668 2200 777 2265 omnia
798 2199 919 2275 vinclis

191 2302 292 2367 donec
314 2304 356 2368 ad
377 2303 547 2368 interitum
570 2327 672 2391 genus
694 2305 728 2369 id
750 2311 868 2368 natura
888 2302 1022 2388 redegit.
1085 2327 1088 2332 ·

236 2406 303 2472 Sed
324 2431 429 2494 neque
453 2409 609 2474 Centauri
632 2410 773 2486 fuerunt,
794 2431 854 2472 nec
876 2416 1021 2493 tempore
1044 2406 1078 2470 in
1102 2407 1172 2470 ullo

192 2532 261 2574 esse
284 2520 409 2596 queunt
431 2512 553 2597 duplici
574 2521 692 2577 natura
714 2520 747 2576 et
770 2533 899 2596 corpore
921 2511 998 2574 bino

193 2634 233 2674 ex
255 2612 445 2699 alienigenis
467 2615 620 2679 membris
643 2623 817 2700 compacta,
839 2622 983 2700 potestas

193 2715 269 2780 hinc
291 2716 380 2780 illinc
402 2718 510 2804 visque
531 2727 570 2782 ut
591 2742 657 2782 non
678 2727 728 2783 sat
750 2742 809 2804 par
830 2741 899 2782 esse
921 2717 1057 2803 potissit.

192 2818 228 2883 id
249 2819 326 2884 licet
348 2821 423 2885 hine
446 2822 592 2907 quamvis
614 2823 725 2887 hebeti
748 2845 935 2908 cognoscere
958 2821 1058 2886 corde.

193 2923 351 3009 principio
374 2925 493 2989 circum
516 2926 620 2989 tribus
642 2926 723 2991 actis
744 2926 883 3012 impiger
904 2925 997 2990 annis

193 3027 287 3092 floret
311 3051 394 3106 ecus,
416 3052 497 3114 puer
519 3031 783 3115 hautquaquam3
812 3052 888 3092 nam
911 3052 1006 3115 saepe
1029 3029 1129 3093 etiam
1152 3054 1242 3096 nunc

194 3135 295 3199 ubera
316 3159 530 3200 mammarum
551 3136 587 3200 in
608 3136 728 3200 somnis
749 3135 905 3200 lactantia
927 3143 1067 3221 quaeret.
1255 3139 1315 3219 885

109 3341 204 3383 mutent
214 3333 291 3384 Bern.
304 3336 344 3384 for
355 3339 448 3387 Mutuo
459 3340 504 3401 qai
515 3346 632 3388 metuent.
673 3339 766 3387 Mutua
778 3339 834 3400 quir
845 3344 943 3386 nectent
955 3336 1020 3385 Mar.
1033 3335 1091 3384 Ald.
1104 3336 1117 3382 1
1130 3336 1206 3385 Junt.
1218 3342 1319 3386 nectam

109 3415 219 3478 Nauger.
231 3417 322 3467 Lamb.
355 3421 496 3482 Metasque
507 3422 635 3469 νἀεἰααααι
645 3418 726 3468 Lach.
826 3421 874 3469 859
886 3426 970 3468 tutata
981 3418 1051 3466 Bria.
1064 3417 1140 3467 Pont.
1153 3417 1221 3466 Mar.
1233 3417 1319 3467 Aldl

109 3497 184 3547 tunt.
197 3499 237 3547 for
248 3508 312 3550 ruta.
433 3504 481 3552 863
492 3505 589 3566 erfuga
600 3504 622 3551 B
633 3503 730 3551 Avanc.
763 3503 865 3564 ursega
876 3501 899 3549 A
909 3501 980 3550 Nico.
993 3501 1064 3550 Mon.
1076 3500 1150 3549 tunt.
1197 3543 1201 3552 .
1272 3500 1320 3550 865

109 3581 220 3628 veterino
236 3580 337 3630 Nonius
354 3581 431 3631 Pont.
449 3583 513 3632 Mar.
531 3584 628 3633 Avano.
646 3583 719 3632 Junt.
752 3585 831 3632 vetem
842 3597 892 3631 oon
902 3596 965 3630 mse.
1065 3582 1113 3630 868
1124 3588 1212 3629 serata
1228 3579 1320 3630 Lamb.

111 3658 139 3707 in
150 3663 235 3712 errata
246 3665 274 3711 to
285 3663 324 3712 ed.
337 3666 352 3712 3
364 3664 421 3714 first
432 3665 473 3714 for
483 3675 589 3716 secatae.
627 3690 630 3697 ·
695 3668 742 3717 871
754 3669 793 3715 nil
803 3666 880 3714 Pont.
893 3665 959 3713 Mar.
971 3663 1029 3713 Ald.
1042 3666 1055 3713 1
1068 3653 1142 3713 Junt.
1155 3664 1197 3714 for
1207 3667 1238 3715 ai
1249 3666 1281 3725 A,
1293 3669 1321 3716 ia

112 3741 142 3790 Β.
274 3747 323 3795 880
335 3755 446 3809 potestas
462 3750 532 3797 Hinc
544 3750 617 3798 illinc
628 3751 693 3811 virg.
705 3756 733 3798 ut
744 3764 795 3797 αοα
804 3756 845 3797 sat
858 3762 909 3810 ραν
920 3762 969 3796 ease
977 3748 1080 3810 potierit
1092 3745 1141 3795 Ed.
1154 3747 1196 3796 for
1208 3757 1321 3811 potentes

64 3836 69 3847 ·
112 3826 184 3874 Hinc
195 3826 269 3876 illinc
282 3844 333 3890 ραν
344 3831 383 3878 via
394 3838 423 3879 ut
434 3846 483 3880 ααα
494 3838 534 3879 eat
546 3832 587 3892 (B,
599 3835 633 3880 rit
644 3831 676 3895 A)
685 3847 748 3895 pora
760 3847 809 3881 eece
816 3832 935 3894 potierit:
948 3846 1000 3893 ραν
1010 3830 1024 3877 1
1036 3843 1139 3879 assume
1150 3843 1204 3878 was
1216 3831 1321 3880 written

111 3905 141 3954 in
152 3907 197 3957 the
207 3911 309 3972 margin
319 3914 347 3961 to
358 3912 416 3962 take
427 3913 472 3962 the
482 3914 555 3976 place
567 3914 595 3963 of
609 3913 654 3964 the
665 3914 826 3974 unmeaning
840 3928 910 3976 pare,
923 3910 977 3961 and
993 3910 1056 3961 thus
1073 3914 1117 3973 got
1127 3909 1184 3960 into
1196 3911 1244 3962 the
1254 3915 1322 3962 text:

113 4001 143 4037 so
154 3989 235 4040 above
246 3993 293 4044 117
301 4009 363 4056 pars
374 4011 424 4044 ease
435 4010 497 4044 mss.
509 3995 549 4046 for
556 4012 607 4059 ραν
618 4011 681 4053 ease;
699 3995 751 4044 and
761 4010 783 4044 11
795 3995 859 4043 1017
866 4009 917 4057 ραν
928 3993 968 4042 for
975 4008 1047 4056 pars.
1076 4008 1104 4055 ρ.
1117 3993 1155 4041 H.
1166 3995 1186 4042 i.
1195 3995 1284 4057 partia
1293 4002 1323 4045 et

114 4071 137 4117 ei
151 4086 202 4132 ραν
212 4087 233 4120 a.
247 4089 275 4136 ρ.
286 4073 365 4123 Lach.
377 4074 462 4124 which
473 4077 487 4124 1
498 4075 591 4140 hardly
602 4076 771 4126 understand.
812 4075 902 4125 Lamb.
915 4074 990 4124 reads
1002 4073 1128 4137 question
1143 4083 1240 4136 queam
1256 4075 1324 4127 arta

115 4149 180 4201 Mar.
197 4152 256 4202 ard.
274 4156 288 4203 1
306 4155 359 4204 and
375 4156 449 4206 Junt.
466 4158 568 4220 joining
585 4167 697 4222 potestas
713 4157 777 4207 with
793 4157 864 4207 what
880 4155 1009 4219 precedes,
1026 4153 1079 4204 and
1094 4154 1134 4204 ed.
1152 4157 1169 4205 8
1184 4154 1237 4207 has
1252 4159 1324 4209 Hine

115 4233 189 4282 illinc
202 4250 254 4297 ραν
269 4238 309 4285 vir
325 4244 354 4285 ut
370 4252 420 4287 aaa
436 4242 472 4289 sic
490 4256 539 4289 esee
552 4242 664 4304 potierit.
697 4256 726 4302 ρ.
743 4242 779 4288 Η.
797 4242 815 4289 i.
829 4240 926 4302 paritis
943 4238 999 4299 quie
1015 4251 1066 4286 αοα
1081 4251 1207 4300 mareau
1219 4239 1325 4303 munit

115 4313 193 4376 Bern.
325 4318 372 4367 884
391 4321 579 4384 hautquaquam
595 4321 665 4371 Nico.
683 4321 723 4370 for
740 4323 961 4383 boarqaamquom.
995 4333 1054 4367 aum
1070 4331 1122 4367 om.
1138 4317 1162 4368 A
1177 4317 1254 4371 Nion.
1269 4318 1324 4383 nd

116 4394 270 4447 latorium:
288 4397 369 4450 hence
386 4403 448 4464 quta
464 4403 560 4452 Avano.
595 4405 658 4465 quin
675 4402 739 4452 Mar.
757 4403 830 4451 Junt.
847 4399 940 4450 Lamb.
953 4402 1000 4450 eto.
1035 4400 1097 4448 haut
1113 4389 1155 4450 ita
1170 4414 1325 4467 quam
