2842 4860
652 192 669 254 I

144 376 314 440 possumus
333 377 436 440 aequo
454 355 563 420 animo
586 377 645 420 nec
666 356 802 420 Memmi
826 358 912 422 clara
931 379 1073 444 propago

144 459 265 524 talibus
284 459 317 522 iu
341 459 436 523 rebus
457 458 621 523 communi
642 457 733 523 desse
753 459 859 525 saluti.

652 577 672 618 s

145 667 231 752 quod
251 674 405 752 superest,
428 689 545 731 vacuas
565 666 652 730 auris
674 665 887 752 animumque
907 688 1055 752 sagacem

145 778 306 833 semotum
329 791 349 832 a
371 769 456 833 curis
479 768 598 832 adhibe
620 790 731 832 veram
753 768 795 832 ad
817 769 986 846 rationem,

145 894 187 935 ne
207 894 280 936 mea
298 871 382 935 dona
402 870 464 935 tibi
487 871 595 935 studio
616 870 759 955 disposta
779 870 875 948 fideli,

145 973 311 1038 intellecta
330 974 420 1058 prius
440 995 539 1056 quam
562 972 637 1050 sint,
658 980 846 1057 contempta
866 972 1036 1057 relinquas.

145 1100 221 1141 nam
239 1070 301 1141 tibi
320 1078 360 1141 de
381 1099 509 1141 summa
528 1076 610 1140 caeli
629 1075 755 1140 ratione
776 1077 939 1162 deumque

146 1181 301 1247 disserere
324 1180 477 1266 incipiam
497 1189 531 1245 et
551 1203 659 1244 rerum
680 1181 855 1266 primordia
875 1180 1025 1265 pandam,

146 1285 232 1350 unde
255 1286 358 1349 omnis
378 1291 495 1348 natura
517 1293 604 1349 creet
624 1306 674 1348 res
695 1292 805 1349 auctet
823 1286 963 1370 alatque,

146 1412 249 1476 quove
270 1389 383 1454 eadem
401 1410 529 1452 rursum
546 1395 664 1451 natura
684 1396 852 1473 perempta
871 1389 1017 1466 resolvat,

147 1516 230 1578 quae
253 1515 311 1557 nos
333 1492 502 1556 materiem
526 1498 559 1555 et
581 1490 738 1576 genitalia
759 1513 891 1576 corpora
912 1491 1009 1556 rebus

150 1597 318 1661 reddunda
340 1595 375 1658 in
397 1595 523 1661 ratione
546 1616 659 1658 vocare
682 1602 716 1658 et
737 1594 861 1659 semina
882 1617 990 1658 rerum

148 1701 310 1785 appellare
333 1705 464 1762 sue'mus
486 1707 520 1762 et
542 1698 623 1762 haec
645 1698 759 1762 eadem
781 1720 936 1782 usurpare

148 1826 279 1888 corpora
299 1802 412 1886 prima,
436 1801 523 1887 quod
546 1823 587 1865 ex
608 1801 674 1865 illis
697 1810 773 1866 sunt
796 1803 905 1866 omnia
926 1801 1049 1886 primis.

191 1908 348 1971 Humana
369 1913 444 1970 aute
467 1906 574 1971 oculos
597 1906 689 1970 foede
712 1928 787 1970 cum
809 1907 878 1971 vita
900 1908 1019 1972 iaceret

149 2013 184 2076 in
206 2012 300 2076 terris
323 2033 475 2096 oppressa
496 2011 587 2097 gravi
610 2011 670 2074 sub
692 2010 847 2097 religione

147 2141 231 2204 quae
254 2126 351 2202 caput
374 2139 394 2180 a
416 2116 496 2181 caeli
517 2116 703 2201 regionibus
726 2115 917 2180 ostendebat

147 2223 294 2287 horribili
318 2243 413 2306 super
435 2228 567 2305 aspectu
589 2219 781 2283 mortalibus
803 2218 935 2295 instans,

147 2327 288 2412 primum
311 2325 427 2388 Graius
449 2323 545 2387 homo
569 2322 715 2386 mortalis
737 2321 850 2387 tollere
873 2330 983 2387 contra

148 2436 197 2493 est
219 2429 326 2493 oculos
347 2449 444 2492 ausus
466 2427 654 2511 primusque
678 2425 832 2491 obsistere
854 2433 973 2502 contra,

61 2643 131 2704 gives
144 2644 216 2691 tereti
227 2641 267 2690 for
280 2642 358 2690 lariti.
433 2640 466 2687 43
478 2640 545 2688 desse
557 2639 580 2687 A
591 2653 656 2688 corr.
668 2639 740 2689 Nice.
753 2639 793 2689 for
804 2641 834 2688 id
842 2654 901 2689 erre.
971 2639 1286 2695 44-4a=11646-651„

62 2724 96 2773 Is.
114 2723 222 2773 Vossius
238 2724 267 2771 in
283 2721 326 2770 his
342 2736 391 2772 ms.
412 2723 487 2770 notes
506 2721 535 2769 in
552 2736 596 2783 my
612 2723 760 2785 possession
781 2722 839 2771 well
857 2722 976 2771 observes
992 2721 1051 2772 that
1068 2737 1139 2772 some
1155 2737 1204 2772 one
1220 2723 1269 2773 has

62 2806 176 2857 inserted
190 2805 262 2854 them
279 2804 341 2854 here
361 2806 407 2853 ‘ut
423 2802 568 2852 ostenderet
583 2803 685 2854 Lucret.
703 2803 752 2852 sibi
769 2802 900 2853 adversari
916 2804 970 2865 qui,
986 2818 1046 2853 cum
1064 2803 1133 2853 Deos
1148 2805 1269 2855 mortalia

63 2905 115 2939 uon
127 2903 217 2938 curare
234 2887 347 2936 affirmat
364 2884 432 2949 [sio]‚
448 2885 573 2934 Venerem
589 2887 678 2933 tamen
695 2884 798 2934 invocet
808 2886 823 2934 '.
852 2885 928 2935 Pont.
941 2886 1006 2935 Mar.
1019 2885 1093 2935 Junt.
1105 2886 1170 2936 omit
1186 2886 1267 2939 them.

63 2969 195 3020 Avancius'
209 2968 237 3016 in
254 2967 299 3018 the
316 2970 370 3017 text
387 2967 415 3016 oi
430 2965 486 3016 Ald
511 2966 525 3014 1
546 2966 633 3028 places
652 2965 724 3015 them
743 2966 810 3016 after
828 2967 860 3016 61
880 2966 934 3016 and
951 2966 1001 3016 has
1020 2966 1084 3016 been
1101 2967 1271 3032 followedby

63 3055 132 3101 most
148 3050 244 3100 editors
261 3049 347 3098 before
364 3046 460 3108 Lach.;
479 3047 526 3096 but
546 3047 575 3095 in
590 3046 633 3095 his
649 3047 751 3109 preface
767 3047 802 3097 he
818 3047 876 3096 well
892 3048 1010 3098 observes
1028 3051 1126 3097 ‘unum
1143 3049 1270 3100 affirmare

63 3134 147 3184 ausim
160 3135 245 3182 Omnis
258 3133 324 3180 euim
338 3145 398 3180 cum
414 3129 527 3191 quinque
541 3129 707 3190 sequentibus
722 3144 753 3179 ex
769 3130 884 3192 prologo,
900 3144 960 3179 cum
977 3128 1116 3192 abundent,
1130 3129 1271 3181 demendos

64 3230 133 3265 esse:
150 3214 199 3263 hos
215 3212 301 3276 aptius
317 3213 396 3274 legas,
412 3225 471 3260 cum
483 3211 514 3260 de
524 3225 620 3272 magna
632 3212 716 3260 matre
733 3211 811 3272 agit'.
910 3212 943 3261 50
962 3212 1034 3272 Quod
1043 3220 1163 3275 superest,
1176 3228 1270 3262 uacans

64 3300 134 3347 curis
153 3298 311 3358 animumque
330 3310 460 3356 sagacem:
484 3308 513 3344 so
531 3294 648 3356 Bernays
664 3293 693 3342 in
712 3293 805 3343 Rhein.
823 3294 891 3343 Mus.
911 3309 937 3344 n.
958 3293 981 3350 f.
996 3307 1012 3341 v
1027 3307 1053 3354 p.
1075 3295 1123 3345 559
1140 3294 1208 3345 from
1224 3295 1270 3345 the

39 3384 41 3390 ’
63 3379 169 3440 interpr.
184 3379 258 3439 Verg.
270 3377 298 3426 in
314 3375 377 3425 Maii
392 3376 467 3426 class.
483 3378 549 3426 auct.
565 3378 584 3425 t.
597 3391 635 3424 vn
646 3390 673 3436 p.
686 3377 742 3425 262.
777 3376 850 3437 Quod
860 3382 972 3438 superest
983 3381 1011 3423 ut
1022 3390 1116 3424 uacuus
1131 3380 1201 3426 ariole
1216 3377 1269 3428 AB.

64 3462 133 3511 Nioc.
147 3459 264 3510 followed
280 3460 314 3522 by
325 3459 361 3509 all
374 3458 419 3508 the
429 3459 499 3508 Flor.
518 3459 605 3509 Gamb.
619 3459 690 3506 Mon.
702 3457 755 3507 and
769 3460 839 3507 most
850 3471 913 3506 mss.
925 3455 978 3507 and
994 3456 1029 3505 all
1040 3456 1084 3506 the
1099 3457 1142 3506 old
1158 3458 1271 3508 editions

64 3542 173 3592 omitted
192 3550 221 3592 ut
241 3541 293 3591 and
308 3540 390 3590 added
405 3542 479 3601 mihi,
495 3542 637 3601 Memmius,
651 3547 675 3589 et
696 3546 727 3588 te.
761 3538 853 3587 Lamb.
865 3540 1027 3589 Memmiadu.
1062 3538 1096 3589 At
1113 3539 1158 3589 the
1176 3540 1227 3590 end
1244 3543 1273 3591 oi

64 3626 137 3675 Junt.
155 3624 178 3673 is
194 3622 321 3687 proposed
339 3639 432 3673 uacuas
448 3624 512 3672 milri
530 3637 621 3685 quareo
637 3623 770 3671 Memmius
787 3636 860 3670 cures
877 3621 986 3670 demotus
1002 3623 1085 3670 curie:
1107 3621 1184 3671 Pont.
1201 3623 1271 3685 gives

65 3709 136 3770 Quod
152 3715 263 3770 superest
279 3722 369 3770 quaeso
391 3721 484 3755 uacuus
502 3706 566 3755 milri
584 3707 715 3754 Memmius
731 3707 810 3754 aum.
855 3703 936 3752 Lauh.
953 3703 1002 3753 has
1021 3703 1117 3767 rightly
1134 3719 1194 3754 seen
1212 3705 1271 3756 that
1360 3724 1369 3732 ·

64 3805 112 3840 our
122 3789 229 3851 reading
240 3789 342 3852 implies
353 3788 398 3838 the
411 3789 465 3837 loss
481 3789 509 3837 of
524 3802 574 3837 one
588 3803 617 3836 or
632 3802 705 3836 more
721 3801 807 3837 verses
823 3786 852 3836 in
867 3786 951 3836 which
969 3786 1014 3836 the
1024 3790 1084 3850 poet
1094 3787 1188 3849 passed
1202 3789 1271 3838 from

65 3873 151 3926 Venus
167 3875 195 3922 to
209 3871 361 3921 Memmius:
379 3871 412 3921 he
431 3873 547 3934 suggests
562 3873 730 3933 culmumque,
749 3885 802 3931 ape,
819 3872 929 3929 Memmi,
943 3868 1027 3918 which
1044 3868 1128 3919 would
1144 3870 1272 3933 complete

65 3954 109 4003 the
121 3957 241 4004 sentence
252 3955 280 4003 in
290 3969 306 4004 a
316 3969 385 4017 way:
403 3969 431 4004 so
442 3953 528 4003 would
539 3969 633 4016 corque,
646 3955 739 4002 iuelrue
751 3954 860 4010 Memmi,
872 3966 902 4000 or
912 3951 957 4001 the
967 3951 1027 4000 like.
1127 3951 1158 4001 66
1176 3953 1271 4002 tollere.

66 4038 164 4086 tendere
183 4036 276 4086 Lamb.
294 4037 333 4087 ed.
354 4038 370 4086 3
390 4036 470 4085 Lach.
487 4037 555 4086 from
572 4035 673 4085 Nonius
694 4038 777 4084 ‘teste
793 4034 891 4084 nostris
907 4033 1051 4095 antiquiore
1059 4036 1075 4082 ³.
1118 4033 1171 4082 But
1188 4033 1271 4083 where

65 4133 112 4167 our
122 4133 185 4168 mss.
200 4118 264 4180 give,
276 4133 306 4167 as
316 4117 386 4176 here,
398 4133 414 4167 a
424 4118 544 4167 faultless
555 4116 669 4178 reading,
684 4116 705 4165 it
717 4131 800 4167 seems
811 4114 950 4165 uncritioal
961 4119 988 4166 to
999 4115 1083 4178 prefer
1094 4115 1152 4165 that
1163 4115 1191 4164 of
1206 4115 1271 4164 such

62 4215 81 4250 a
97 4200 207 4250 careless
222 4199 307 4249 writer
323 4215 353 4250 as
369 4200 485 4250 Nonius:
510 4200 581 4250 older
601 4199 654 4249 and
670 4199 754 4249 better
770 4197 924 4249 authorities
940 4197 1006 4248 than
1021 4197 1055 4247 he
1070 4197 1094 4246 is
1110 4196 1272 4260 contiuually

65 4280 210 4344 misquote:
235 4281 332 4332 Seneca
348 4280 377 4330 in
394 4283 426 4333 57
446 4281 495 4331 has
519 4296 614 4345 quoque
635 4281 674 4329 for
695 4296 782 4343 quove,
800 4279 900 4329 Gellius
917 4279 946 4328 in
970 4279 1018 4328 304
1041 4286 1087 4328 aut
1107 4279 1148 4327 for
1168 4286 1200 4335 er,
1222 4279 1270 4328 306

65 4363 167 4414 Nonius
183 4364 302 4414 caumata*
319 4364 360 4412 for
376 4365 510 4426 dispansae
527 4367 563 4427 ln,
584 4379 605 4412 11
623 4364 654 4412 13
671 4362 826 4412 Lactantius
844 4363 936 4410 stultas
953 4362 994 4410 for
1010 4363 1122 4418 miserus,
1140 4361 1203 4409 1001
1215 4360 1270 4422 sul·
