2842 4860
744 245 792 308 IV

244 413 278 468 et
301 403 393 489 quasi
415 427 546 469 musaeo
569 405 656 469 dulci
678 406 864 492 contingere
887 407 991 483 melle,

243 506 272 570 si
293 505 355 570 tibi
377 508 459 571 forte
481 507 627 571 animum
650 507 709 571 tali
731 509 855 572 ratione
878 517 989 573 tenere

243 610 387 675 versibus
409 611 443 674 in
465 613 582 676 nostris
604 635 739 698 possem,
762 615 840 678 dum
863 614 1001 700 percipis
1024 637 1152 678 omnem

242 722 393 778 naturam
415 738 522 780 rerum
545 739 582 780 ac
604 717 763 802 persentis
784 717 986 800 utilitatem]

286 821 397 904 Atque
420 820 520 883 animi
543 820 694 906 quoniam
718 821 812 885 docui
833 829 950 885 natura
973 820 1052 906 quid
1074 829 1158 886 esset

242 930 277 988 et
300 923 417 1008 quibus
439 947 457 988 e
479 925 576 988 rebus
598 948 672 988 cum
695 948 823 1010 corpore
847 933 976 1010 compta
997 924 1122 1011 vigeret

242 1050 345 1112 quove
367 1026 462 1090 modo
484 1026 639 1091 distracta
659 1027 780 1091 rediret
802 1027 837 1090 in
860 1028 949 1091 ordia
970 1027 1083 1111 prima,

241 1153 328 1194 nunc
350 1152 445 1216 agere
468 1128 622 1215 incipiam
644 1129 714 1207 tibi,
737 1129 824 1215 quod
845 1138 1013 1194 vementer
1034 1130 1077 1194 ad
1098 1130 1156 1193 has
1178 1153 1230 1194 161

241 1233 371 1310 attinet,
393 1255 462 1297 esse
485 1256 524 1297 ea
545 1256 628 1319 quae
650 1257 759 1298 rerum
781 1234 952 1298 simulacra
973 1256 1143 1298 vocamus:

243 1360 336 1423 quae,
357 1337 450 1423 quasi
471 1338 678 1401 membranae
701 1360 827 1402 summo
849 1337 889 1403 de
912 1360 1041 1423 corpore
1064 1360 1172 1401 rerum

243 1442 405 1527 dereptae,
427 1441 565 1505 volitant
587 1442 736 1527 ultroque
759 1441 902 1527 citroque
925 1465 983 1527 per
1005 1464 1107 1518 auras,

242 1553 342 1630 atque
366 1544 479 1609 eadem
501 1543 594 1608 nobis
617 1544 828 1630 vigilantibus
850 1544 944 1609 obvia
966 1552 1093 1609 mentes

242 1648 419 1712 terrificant
441 1656 540 1733 atque
562 1648 597 1711 in
620 1648 748 1725 somnis,
771 1671 844 1712 cum
867 1671 963 1733 saepe
986 1648 1106 1734 figuras

242 1750 427 1816 contuimur
448 1751 545 1815 miras
567 1751 800 1837 simulacraque
823 1751 894 1815 luce
917 1761 1094 1829 carentum,

242 1879 325 1941 quae
347 1878 405 1920 nos
427 1855 573 1920 horrifice
595 1855 781 1942 languentis
804 1879 899 1941 saepe
921 1879 1033 1942 sopore

243 1958 430 2023 excierunt:
459 1981 500 2022 ne
523 1959 605 2022 16116
627 1958 752 2022 animas
773 1957 961 2023 Acherunte
984 1982 1114 2024 reamur

242 2065 384 2150 effugere
406 2070 464 2126 aut
486 2062 617 2126 umbras
639 2061 835 2126 interrivos
857 2061 991 2126 volitare

241 2190 323 2232 neve
345 2165 468 2251 aliquid
490 2165 592 2229 nostri
613 2173 685 2250 post
707 2172 846 2228 mortem
868 2187 959 2250 posse
981 2165 1130 2251 relinqui,

242 2293 316 2335 cum
338 2292 452 2354 corpus
474 2268 570 2333 simul
592 2277 690 2354 atque
713 2268 814 2331 animi
835 2277 954 2344 natura¹
974 2278 1145 2355 perempta
1327 2291 1372 2353 40

241 2375 276 2440 in
298 2397 357 2438 sua
379 2374 552 2438 discessum
575 2373 724 2438 dederint
746 2373 921 2459 primordia
942 2383 1098 2459 quaeque.

286 2477 368 2541 Dico
390 2476 492 2563 igitur
513 2499 621 2540 rerum
644 2475 767 2562 effigias
789 2476 961 2562 tenuisque
983 2477 1103 2564 figuras

242 2580 369 2646 mittier
390 2581 432 2644 ab
454 2581 550 2644 rebus
573 2603 698 2644 summo
721 2580 761 2645 de
784 2604 913 2666 corpore
935 2604 1052 2659 rerum,

178 2699 213 2765 51
241 2683 317 2769 quoi
339 2683 431 2768 quasi
453 2683 667 2759 membranae,
690 2683 742 2747 vel
765 2691 874 2747 cortex
895 2682 1160 2760 nominitandast,
1327 2702 1368 2768 50

243 2789 329 2874 quod
351 2787 491 2874 speciem
514 2811 550 2852 ac
573 2789 707 2852 formam
730 2787 868 2852 similem
891 2788 976 2876 gerit
998 2790 1068 2854 eius
1090 2791 1197 2878 imago

156 2981 209 3031 Gii.
284 2983 315 3030 32
329 2980 581 3043 dereptaeBLamb.
650 2982 878 3044 direptaeANieo.
892 2984 928 3033 all
938 2983 1126 3034 11616161161111.
1192 2985 1224 3033 41
1243 3000 1367 3048 quaeqae.

157 3067 265 3127 quoique
276 3063 355 3114 Laeh.
368 3066 515 3113 ‘discessus’
528 3063 561 3112 he
573 3079 632 3126 says
644 3071 712 3113 ‘non
724 3065 800 3114 aliter
812 3065 868 3114 dari
880 3069 965 3128 potest
978 3081 1056 3127 quam
1068 3065 1198 3126 quomodo
1207 3068 1301 3130 jupam
1312 3069 1371 3116 duri

157 3146 286 3208 Vergilius
296 3145 371 3206 dixit,
385 3145 413 3194 id
425 3149 465 3193 est
477 3144 606 3193 concedi’:
625 3145 672 3193 but
684 3145 766 3206 Virgil
778 3146 833 3195 also
846 3161 905 3209 says
917 3161 956 3194 xr1
968 3146 1015 3198 367
1025 3149 1116 3210 sapum
1127 3149 1192 3197 dent
1202 3151 1301 3210 nubile,
1313 3149 1371 3198 that

157 3227 181 3278 is
187 3231 309 3292 sapiunt:
328 3243 369 3277 see
380 3231 454 3276 notes
466 3230 481 3275 2
492 3229 533 3276 161
544 3243 625 3291 many
635 3243 707 3277 mors
718 3228 909 3280 illustrations:
927 3231 1062 3279 discessum
1078 3232 1193 3280 dederint
1209 3229 1366 3280 therefore:

157 3311 325 3360 discesserint.
425 3311 457 3358 42
475 3312 569 3372 effipies
586 3311 677 3361 Lamb.
692 3310 732 3359 161
748 3312 855 3373 effipins
872 3311 900 3360 61
912 3312 965 3361 ΑΒ.
999 3315 1089 3375 effipies
1100 3312 1171 3362 Nico.
1183 3313 1236 3362 and
1252 3313 1289 3362 all
1305 3327 1371 3363 mss.

157 3393 209 3442 and
220 3391 274 3442 eds.
285 3392 398 3442 between
409 3391 466 3441 him
477 3392 530 3442 and
540 3392 632 3442 Lamb.
730 3394 763 3442 43
779 3410 871 3443 summo
882 3396 912 3443 de
924 3410 1024 3457 corpore
1035 3411 1118 3445 rernm
1128 3395 1209 3444 Laeh.
1221 3395 1263 3444 for
1273 3411 1370 3445 summo

158 3475 188 3523 de
206 3476 297 3524 cortice
317 3489 410 3524 eornm.
451 3491 543 3525 summo
564 3477 594 3524 de
615 3490 715 3537 corpore
735 3492 819 3524 666611
835 3476 927 3526 Lamb.
943 3477 1027 3539 vulga
1044 3477 1091 3527 but
1108 3491 1191 3538 comp.
1211 3479 1242 3526 31
1260 3477 1315 3527 and
1329 3478 1371 3538 64,

157 3555 211 3605 and
220 3555 396 3604 Lachmann's
407 3559 477 3605 note.
607 3557 669 3604 44-
674 3558 704 3608 47
723 3556 907 3622 (45-48)=111
918 3558 1023 3616 31-34‚
1036 3562 1125 3621 except
1136 3559 1168 3607 44
1184 3560 1235 3608 Sed
1250 3562 1373 3621 quoniam

157 3636 198 3684 161
217 3639 253 3685 Et
273 3639 401 3698 quoniam,
417 3637 450 3689 47
470 3628 581 3700 Quoque,
597 3639 679 3700 possit
696 3637 736 3686 161
752 3640 842 3699 Quove,
859 3640 966 3701 possint,
984 3638 1036 3687 and
1050 3654 1094 3688 are
1108 3639 1206 3701 rightly
1221 3639 1319 3701 ejeeted
1336 3640 1371 3704 by

157 3717 238 3768 Laeh.
257 3733 286 3768 as
304 3735 320 3768 6
345 3718 420 3781 gloss.
464 3721 497 3768 In
518 3719 571 3768 this
590 3720 663 3783 place
682 3720 744 3784 they
762 3736 806 3770 616
826 3722 854 3770 61
874 3736 963 3770 6611116
982 3721 1054 3783 quite
1070 3721 1259 3773 inadmissible.
1303 3722 1372 3773 Mar.

158 3799 232 3848 tunt.
260 3801 330 3862 vulg.
360 3804 409 3862 put
439 3800 511 3850 them
541 3800 630 3849 before
666 3800 713 3858 263
741 3800 795 3850 and
825 3800 932 3861 thither,
955 3803 977 3850 11
1003 3802 1126 3864 retained,
1152 3802 1214 3865 they
1240 3808 1312 3853 must
1339 3804 1372 3854 be

157 3881 323 3932 transferred.
359 3881 397 3930 Το
415 3880 469 3931 this
488 3881 568 3930 Lach.
586 3882 664 3931 offers
681 3881 726 3931 the
746 3882 874 3945 objection
891 3883 950 3932 that
967 3883 1042 3933 while
1058 3884 1103 3933 the
1119 3884 1177 3933 first
1194 3885 1226 3932 24
1242 3884 1310 3934 lines
1326 3900 1372 3936 ars

157 3961 278 4024 repeated
294 3962 364 4011 word
383 3963 424 4012 lor
439 3963 509 4012 word
526 3964 594 4012 from
611 3963 655 4012 the
672 3963 728 4012 first
744 3964 818 4026 book,
833 3965 861 4014 in
874 3966 905 4014 25
917 3980 954 4014 we
965 3965 1031 4015 have
1046 3982 1076 4015 ae
1089 3969 1213 4028 persentis
1229 3968 1372 4017 utilitatem

157 4046 198 4094 161
217 4060 268 4106 qne
284 4051 378 4094 comtet
397 4052 495 4107 compte
507 4045 614 4106 flpnra:
632 4043 686 4093 this
706 4043 805 4105 change
822 4045 855 4094 he
874 4060 934 4108 says
953 4061 1006 4094 was
1025 4046 1150 4110 probably
1167 4046 1243 4095 made
1262 4046 1372 4099 because

157 4128 186 4176 in
198 4130 229 4181 27
242 4143 285 4177 are
297 4128 342 4176 the
352 4127 437 4176 words
452 4135 550 4190 compta
561 4130 671 4189 viperet3
688 4127 736 4177 but
752 4127 805 4176 had
816 4128 860 4176 the
874 4130 935 4191 poet
950 4129 1032 4192 really
1042 4130 1157 4180 inserted
1173 4129 1270 4182 44-47
1282 4130 1372 4183 before

158 4211 198 4271 26,
218 4208 271 4258 this
287 4207 426 4258 alteration
445 4207 531 4257 would
549 4210 595 4256 not
615 4207 681 4257 have
697 4208 761 4257 been
777 4208 859 4258 called
876 4208 931 4258 for:
949 4224 991 4258 166
1007 4210 1124 4260 however
1140 4211 1210 4261 what
1225 4213 1250 4260 is
1267 4213 1325 4264 said
1340 4214 1372 4266 in

157 4295 232 4341 notes
244 4293 268 4340 2.
300 4292 333 4338 48
353 4291 385 4340 49
404 4291 447 4352 (49
468 4291 577 4352 50)=29
595 4292 627 4340 30
644 4290 698 4340 and
719 4306 788 4340 seem
807 4295 835 4341 to
853 4292 884 4342 be
901 4294 1021 4355 repeated
1036 4294 1098 4343 here
1116 4293 1226 4344 without
1245 4295 1372 4361 meaning

157 4375 265 4425 beeanse
284 4373 312 4424 oi
328 4373 372 4422 the
390 4373 566 4425 resemblance
582 4373 699 4425 between
719 4375 789 4424 what
808 4374 928 4437 precedes
945 4375 998 4426 and
1016 4377 1116 4429 follows
1135 4376 1209 4429 them
1224 4376 1301 4433 ihm
1315 4380 1375 4435 md
