2842 4860
146 339 253 408 insula
274 365 373 428 quern
395 342 563 428 triquetris
585 351 744 408 terrarum
767 343 868 429 gessit
890 344 924 408 in
947 346 1036 420 oris,'

147 470 247 532 quam
272 447 406 512 fluitans
429 447 549 511 circum
572 447 699 531 magnis
722 448 920 513 anfractibus
943 471 1063 534 aequor

147 551 278 617 Ionium
300 552 422 637 glaucis
444 552 587 637 aspargit
609 551 697 615 virus
718 552 760 616 ab
782 551 886 631 undis,

147 664 349 742 angustoque
371 658 457 721 fretu
479 657 629 742 rapidum
652 679 740 720 mare
762 656 880 720 dividit
901 657 998 722 undis

148 759 265 824 Italiae
289 770 448 826 terrarum
471 784 540 825 oras
566 785 586 824 a
608 761 727 825 finibus
751 761 828 827 eius

147 863 201 927 hio
222 874 272 929 est
294 874 387 930 vasta
409 865 590 950 Charybdis
613 875 647 930 et
669 866 722 930 hio
744 866 892 931 Aetnaea
913 866 1081 931 minantur

148 989 316 1032 murmura
338 969 541 1034 flammarum
564 991 692 1033 rursum
719 992 752 1034 se
775 970 924 1055 colligere
945 971 1018 1047 iras,

147 1071 294 1136 faucibus
317 1080 448 1157 eruptos
470 1073 589 1136 iterum
611 1073 661 1136 vis
684 1081 721 1136 ut
744 1081 853 1137 vomat
876 1074 960 1160 ignis

149 1175 190 1239 ad
216 1175 406 1261 caelumque
428 1176 512 1241 ferat
533 1176 678 1241 flammai
700 1177 828 1262 fulgura
849 1201 985 1244 rursum.

149 1301 330 1372 quaecum
352 1303 471 1365 magna
492 1280 597 1345 modis
620 1282 732 1346 multis
755 1282 902 1347 miranda
923 1284 1052 1347 videtur

149 1385 303 1468 gentibus
324 1385 477 1450 humanis
498 1385 586 1472 regio
609 1386 807 1471 visendaque
833 1387 943 1464 fertur,

149 1490 245 1554 rebus
266 1491 375 1575 opima
396 1491 498 1570 bonis,
519 1491 626 1554 multa
648 1490 776 1555 munita
801 1490 905 1554 virum
929 1491 971 1569 vi,

149 1591 197 1655 nil
219 1601 331 1659 tamen
352 1594 413 1659 hoo
437 1594 589 1658 habuisse
613 1594 681 1657 viro
705 1593 900 1679 praeclarius
922 1595 956 1658 in
979 1617 1012 1659 se

148 1716 208 1759 neo
230 1705 378 1761 sanctum
401 1696 504 1782 magis
527 1705 561 1761 et
583 1697 704 1760 mirum
726 1719 900 1783 carumque
921 1698 1061 1763 videtur.

149 1799 292 1864 carmina
317 1801 521 1886 quinetiam
545 1801 649 1865 divini
674 1801 813 1886 pectoris
837 1801 907 1866 eius

149 1903 365 1969 vociferantur
391 1913 425 1970 et
450 1914 620 1991 exponunt
643 1907 808 1991 praeclara
829 1914 965 1991 reperta,

148 2016 187 2071 ut
209 2009 264 2072 vix
288 2009 433 2074 humana
457 2010 607 2075 videatur
630 2011 729 2094 stirpe
756 2019 889 2074 creatus.

192 2114 257 2179 Hic
278 2123 389 2180 tamen
413 2124 448 2180 et
471 2137 568 2200 supra
592 2137 671 2200 quos
699 2114 841 2178 diximus
865 2114 1029 2179 inferiores

149 2219 295 2302 partibus
318 2220 446 2304 egregie
470 2219 582 2282 multis
609 2218 778 2301 multoque
803 2216 952 2294 minores,

149 2346 348 2408 quamquam
371 2325 476 2388 muita
497 2326 581 2390 bene
607 2347 644 2388 ac
668 2321 826 2386 divinitus
849 2322 1052 2386 invenientes

149 2450 190 2492 ex
213 2428 311 2513 adyto
334 2437 501 2512 tamquam
526 2426 629 2492 cordis
651 2447 804 2510 responsa
829 2425 947 2489 dedere

148 2533 290 2596 sanctius
317 2540 350 2596 et
374 2532 478 2596 multo
502 2540 590 2596 certa
614 2531 740 2595 ratione
764 2529 868 2614 magis
895 2551 992 2613 quam

149 2635 268 2721 Pythia
291 2657 375 2720 quae
401 2634 523 2721 tripodi
546 2658 566 2699 a
590 2634 713 2698 Phoebi
740 2633 895 2718 lauroque
917 2634 1071 2718 profatur,

148 2739 314 2826 principiis
336 2747 448 2803 tamen
471 2739 506 2801 in
531 2760 639 2801 rerum
662 2737 765 2800 iecere
788 2737 899 2800 ruinas
927 2811 929 2816 ¹

150 2852 183 2908 ct
208 2844 351 2928 graviter
371 2844 481 2932 magni
505 2865 622 2927 magno
645 2841 787 2906 cecidere
811 2841 857 2906 ibi
881 2862 956 2904 casu
968 2865 976 2920 ;

148 2948 290 3033 primum
314 2950 400 3034 quod
428 2956 535 3013 motus
561 2955 712 3032 exempto
735 2947 831 3010 rebus
855 2945 946 3009 inani

148 3051 360 3129 constituunt,
387 3060 421 3116 et
442 3074 493 3116 res
518 3051 625 3115 mollis
647 3072 799 3134 rarasque
826 3049 1020 3133 relinquont,

148 3178 224 3220 aera
248 3156 347 3220 solem
373 3156 483 3240 ignem
510 3165 612 3219 terras
634 3154 790 3217 animalia
813 3151 922 3238 frugis,
957 3231 959 3237 k

58 3341 167 3392 BGott.
181 3340 279 3389 Acorr.
313 3339 605 3402 louyierrosacdpm.
640 3337 946 3401 loayequeerrosaeNicc.
960 3341 1010 3388 etc.
1125 3340 1267 3409 72Quadia.

58 3424 160 3474 undana
170 3422 251 3472 Lach.
283 3423 364 3471 almos
375 3421 462 3483 Bam,
475 3421 585 3471 without
597 3436 683 3471 cause.
716 3421 1132 3471 Priscian13boonfirmsundis.
1222 3424 1269 3475 721

58 3507 156 3556 Italiae
175 3505 248 3554 Nico.
267 3504 307 3553 for
325 3505 446 3554 Hostiae.
486 3506 611 3555 Haaolioe
628 3505 652 3553 A
668 3520 734 3555 corr.
775 3506 879 3554 Aeoliae
896 3503 988 3555 Heius.
1008 3503 1037 3552 in
1055 3506 1198 3554 manetes
1218 3506 1271 3555 and

58 3588 96 3638 Is.
114 3587 223 3637 Vossius
239 3585 296 3635 who
313 3600 372 3648 says
387 3585 416 3634 in
432 3599 481 3635 ms.
498 3589 573 3635 notes
593 3589 670 3634 ‘mss
683 3585 781 3635 habent
796 3587 921 3636 Hoeolioe
933 3585 973 3634 vel
983 3587 1096 3635 Aeoliae.
1129 3585 1196 3637 Puto
1207 3587 1271 3636 olim

59 3671 97 3720 sic
109 3669 208 3720 dictam
218 3681 275 3717 eam
286 3668 388 3729 partem
398 3667 491 3716 Italiae
503 3681 582 3728 quarn
593 3666 751 3716 inhabitarit
762 3666 879 3716 Jocastes
894 3665 967 3716 Aeoli
981 3666 1052 3715 filius
1067 3665 1112 3728 qui
1127 3667 1161 3717 ad
1175 3667 1271 3719 fretum

60 3751 178 3803 Siculum
189 3748 341 3798 habitabat:
358 3747 416 3797 vid:
433 3746 578 3796 Diodorum
588 3747 633 3799 lib.
649 3750 672 3799 5.
687 3748 738 3810 [ch.
753 3750 779 3810 8]
797 3748 829 3797 G.
842 3747 882 3797 V.‘
916 3748 989 3797 Thus
1004 3747 1106 3811 Preiger
1120 3748 1173 3799 and
1187 3750 1270 3801 Lach-

58 3834 164 3884 mann’s
182 3830 263 3882 doubt
281 3830 305 3879 is
322 3830 419 3881 solved.
451 3829 562 3889 Havete.
583 3831 637 3880 and
653 3831 729 3881 Wak.
750 3832 806 3881 also
826 3831 905 3893 adopt
922 3831 977 3881 this
995 3831 1102 3895 reading
1124 3832 1152 3881 of
1173 3833 1272 3884 Gerard

59 3915 145 3966 father
156 3915 186 3965 of
194 3915 229 3963 Is.
241 3911 359 3963 Vossius.
457 3913 505 3964 724
516 3915 555 3962 uis
566 3921 595 3962 ot
606 3921 690 3962 vomat
704 3914 793 3965 Lamb.
809 3913 848 3963 ed.
865 3917 880 3962 3
898 3914 938 3962 for
952 3916 991 3962 vis
1007 3922 1037 3963 ut
1051 3916 1155 3965 omnint.
1188 3922 1217 3964 ut
1231 3919 1271 3966 oia

58 4005 157 4064 evonm
177 3996 218 4046 ed.
238 3997 252 4044 1
271 3995 325 4046 and
342 3994 437 4044 2after
455 3995 521 4044 Mar.
541 3995 600 4044 Ald.
621 3998 635 4044 1
655 3996 731 4046 Junt.
750 4002 799 4047 etc.
898 3998 945 4048 725
965 3996 1057 4046 Heins.
1075 3996 1104 4046 in
1122 4010 1173 4046 ms.
1195 4000 1272 4047 notes

62 4082 129 4144 ‘lap
147 4079 267 4139 rursomss
288 4081 316 4127 to
333 4077 409 4127 avoid
429 4077 474 4127 the
489 4077 631 4139 repetition
650 4080 679 4128 of
696 4096 803 4130 mraum.
968 4083 1016 4132 737
1038 4082 1116 4143 adyto
1137 4078 1209 4128 Nico.
1232 4080 1272 4128 for

57 4166 139 4214 odito.
207 4163 255 4213 739
262 4163 383 4224 prosator
393 4160 417 4209 A
427 4175 493 4210 corr.
504 4161 575 4210 Nico.
587 4162 628 4212 for
636 4170 763 4225 prosator.
832 4163 879 4214 741
888 4162 1049 4212 οαΜιΑοοπ.
1057 4161 1128 4210 Nico.
1137 4161 1177 4223 for
1185 4176 1271 4210 causo.

109 4245 159 4298 744
169 4245 256 4308 fracia
267 4243 311 4292 AB
322 4242 392 4292 Flor.
404 4243 436 4307 31
448 4245 496 4292 etc.
508 4245 554 4291 not
566 4243 651 4293 Nica:
670 4258 698 4292 so
710 4259 737 4294 ιν
749 4246 795 4296 577
808 4244 861 4293 and
872 4246 919 4295 992
932 4245 999 4294 vocis
1010 4243 1064 4292 AB.
1091 4244 1181 4306 scupea
1191 4242 1272 4291 Lach.

58 4329 114 4383 aad
129 4329 148 4379 l.
167 4328 186 4377 1.
206 4341 290 4377 voces:
313 4325 346 4376 he
364 4340 424 4388 says
443 4326 645 4389 ‘[membranas]
663 4326 781 4388 quamvis
797 4326 989 4380 consentientes
1006 4323 1105 4374 imitari
1122 4338 1202 4373 ausus
1218 4339 1272 4374 non
