2842 4860
747 210 766 277 Ι

239 397 299 441 nec
324 397 404 461 quos
426 396 574 461 quaeque
596 375 710 441 dorent
731 384 834 441 motus
849 376 1001 460 pepigere
1016 372 1169 462 profecto,

240 478 298 543 sed
319 478 397 564 quia
418 478 523 542 multa
545 479 649 542 modis
673 478 786 543 multis
807 486 936 543 mutata
957 500 1015 563 per
1038 500 1134 543 omne

240 605 281 647 ex
304 581 431 646 infinito
453 590 615 646 vexantur
636 581 760 665 percita
782 580 897 666 plagis,

239 707 334 750 omne
359 705 462 769 genus
488 692 596 749 motus
619 691 653 747 et
679 691 789 748 coetus
815 683 1013 769 experiundo

242 788 375 852 tandem
401 787 579 852 deveniunt
600 787 636 850 in
658 786 734 851 talis
756 787 973 872 disposituras,

241 891 391 977 qualibus
415 889 495 955 haec
518 913 625 954 rerum
649 889 796 955 consistit
821 912 949 954 summa
971 898 1087 966 creata,

243 1003 277 1060 et
302 995 422 1059 multos
444 994 544 1059 etiam
567 1016 702 1079 magnos
725 1001 852 1058 servata
873 1016 931 1080 per
956 1015 1057 1058 annos

241 1108 280 1163 ut
303 1098 403 1163 semel
429 1098 464 1162 in
488 1106 595 1163 motus
618 1099 794 1163 coniectast
815 1097 1044 1174 convenientis

242 1186 341 1267 efficit
364 1210 404 1267 ut
426 1201 525 1286 largis
550 1201 682 1266 avidum
708 1223 798 1266 mare
823 1200 966 1265 fluminis
992 1200 1088 1264 undis

241 1306 405 1390 integrent
427 1326 539 1369 amnes
560 1311 594 1368 et
617 1303 693 1368 solis
716 1312 803 1369 terra
825 1326 943 1389 vapore

241 1411 310 1474 fota
332 1417 431 1473 novet
454 1410 540 1473 fetus
564 1408 798 1495 summissaque
820 1431 900 1494 gens
922 1409 1126 1474 animantum

242 1513 356 1578 floreat
379 1520 413 1575 et
438 1512 551 1578 vivant
572 1512 718 1576 labentes
742 1512 883 1576 aetheris
905 1511 996 1596 ignes
1008 1535 1017 1592 ;

242 1615 328 1702 quod
351 1615 441 1679 nullo
465 1614 607 1678 facerent
629 1622 724 1699 pacto
748 1614 812 1678 nisi
836 1614 985 1679 materiai

241 1741 281 1782 ex
304 1716 433 1781 infinito
456 1716 593 1781 suboriri
617 1716 709 1801 copia
731 1724 847 1802 posset,

241 1821 328 1885 unde
352 1821 469 1884 amissa
492 1819 596 1884 solent
621 1841 767 1904 reparare
790 1819 826 1882 in
849 1828 994 1905 tempore
1018 1842 1174 1906 quaeque.

238 1948 315 1991 nam
338 1926 442 1992 veluti
465 1924 592 2010 privata
616 1924 688 1989 cibo
714 1932 833 1989 natura
855 1924 1060 1989 animantum

243 2029 364 2094 diffluit
391 2028 545 2093 amittens
571 2050 693 2112 corpus,
720 2027 765 2092 sic
790 2028 899 2092 omnia
924 2027 1046 2092 debent

243 2133 376 2200 dissolui
399 2133 496 2197 simul
520 2154 557 2196 ac
583 2131 701 2196 defecit
725 2130 932 2217 suppeditare

243 2237 394 2302 materies
421 2236 530 2321 aliqua
552 2235 678 2300 ratione
702 2256 815 2300 aversa
839 2235 912 2300 viai.

245 2364 305 2405 nec
328 2341 442 2426 plagae
466 2347 602 2424 possunt
625 2339 824 2403 extrinsecus
846 2338 990 2424 undique
1013 2360 1175 2404 summam

244 2466 434 2510 conservare
457 2465 588 2508 omnem
612 2465 840 2529 quaecumque
864 2451 914 2508 est
937 2443 1116 2508 conciliata.

244 2549 361 2615 cudere
387 2547 477 2613 enim
503 2546 612 2612 crebro
635 2555 770 2631 possunt
792 2556 984 2633 partemque
1009 2547 1135 2625 morari,

245 2654 325 2718 dum
348 2651 482 2717 veniant
505 2651 587 2716 aliae
613 2673 651 2716 ac
675 2650 818 2736 suppleri
842 2673 969 2715 summa
992 2660 1138 2737 queatur.
1285 2669 1366 2736 1045

244 2755 408 2822 interdum
431 2755 553 2820 resilire
579 2763 690 2819 tamen
714 2762 876 2839 coguntur
899 2762 933 2818 et
956 2776 1023 2818 una

245 2859 412 2947 principiis
435 2881 544 2924 rerum
567 2858 711 2943 spatium
735 2866 930 2943 tempusque
953 2859 1044 2943 fugai

245 2963 366 3048 largiri,
389 2970 429 3027 ut
451 2961 578 3048 possint
601 2985 621 3026 a
644 2969 739 3026 coetu
763 2962 868 3026 libera
890 2963 976 3027 ferri.

247 3090 346 3155 quare
371 3067 471 3133 etiam
494 3075 594 3152 atque
619 3066 720 3131 etiam
743 3067 881 3132 suboriu'
906 3067 1011 3132 multa
1032 3076 1202 3144 necessest,

245 3181 281 3237 et
305 3180 417 3236 tamen
442 3179 481 3235 ut
504 3171 618 3257 plagae
642 3193 772 3257 quoque
796 3170 920 3256 possint
944 3179 1116 3256 suppetere
1142 3172 1242 3257 ipsae,
1287 3189 1371 3254 1030

247 3274 375 3339 infinita
396 3296 477 3359 opus
501 3283 550 3339 est
574 3274 623 3338 vis
647 3274 793 3359 undique
818 3274 978 3339 materiai.

290 3378 378 3443 Illud
403 3379 437 3442 in
461 3379 513 3443 his
535 3379 632 3444 rebus
655 3379 750 3464 longe
774 3379 851 3464 fuge
874 3379 1012 3455 credere,
1037 3378 1182 3456 Memmi,

246 3483 281 3569 in
306 3482 452 3547 medium
476 3505 630 3561 summae,
654 3484 740 3568 quod
768 3483 891 3561 dicunt,
917 3481 1026 3547 omnia
1052 3483 1125 3562 niti,

246 3596 346 3672 atque
369 3586 443 3650 ideo
468 3586 582 3650 mundi
606 3596 757 3652 naturam
784 3595 869 3652 stare
896 3588 966 3653 sine
989 3588 1066 3652 ullis

247 3689 367 3754 ictibus
390 3690 532 3755 externis
556 3713 662 3776 neque
686 3714 851 3778 quoquam
874 3715 967 3778 posse
991 3692 1107 3758 resolvi
1288 3709 1367 3777 1055

161 3914 230 3966 what
241 3913 275 3964 he
284 3914 309 3964 is
320 3914 411 3979 taking
421 3916 489 3966 from
501 3915 597 3968 othere.
708 3918 771 3966 1028
782 3933 864 3967 reram
874 3918 958 3968 Faber
969 3917 1023 3968 and
1032 3919 1120 3968 Bentl.
1132 3919 1200 3968 from
1214 3935 1231 3971 v
1243 3920 1291 3971 194
1301 3924 1372 3970 most

160 3999 258 4062 rightly
268 3998 395 4051 forratas.
486 4001 550 4049 1033
561 4002 739 4062 summissoque
750 4001 826 4049 Pont.
839 4000 903 4052 Mar.
918 4000 991 4051 Junt.
1006 4001 1046 4049 for
1056 4016 1207 4063 summoque.
1307 4003 1372 4052 1034

162 4082 264 4130 Floreat
274 4080 342 4131 Flor.
358 4081 389 4129 31
401 4080 492 4129 Gamb.
504 4084 552 4130 etc.
564 4081 604 4130 for
609 4083 729 4144 floreant.
839 4082 904 4131 1040
914 4083 1030 4131 Diarolai
1040 4080 1112 4131 Nico.
1124 4082 1146 4130 Β
1158 4082 1372 4135 1101101Βὶ110-

161 4164 221 4212 luit.
328 4162 461 4211 1041'viat
472 4163 494 4211 B
506 4177 569 4214 corr.
585 4163 662 4224 vulgo
671 4163 711 4212 for
721 4165 774 4214 oio.
808 4165 900 4224 viaque
911 4161 1002 4215 Inacha
1013 4162 1170 4213 butracum
1180 4167 1272 4227 viaque
1284 4166 1373 4230 surely

161 4256 253 4305 meane
272 4240 321 4305 ‘by
337 4241 445 4291 method
462 4241 514 4291 and
531 4244 653 4305 system’:
671 4257 712 4293 see
729 4241 774 4293 Gir
1048 4241 1132 4291 mom
1148 4249 1175 4291 et
1189 4244 1236 4292 cia
1248 4247 1374 4306 procedat

160 4326 252 4373 oratio.
320 4323 383 4375 1047
394 4324 537 4386 Principiis
549 4323 614 4376 Mar.
624 4323 694 4375 aunt
1074 4320 1198 4373 ttuinizi.
1207 4323 1288 4374 Iiaoh.
1297 4326 1375 4377 reads
