2842 4860
227 415 326 481 quem
347 413 453 480 nequo
475 393 562 458 fama
583 390 682 457 deum
704 411 764 456 nec
786 389 925 456 fulmina
946 413 1005 457 nec
1028 392 1195 458 minitanti

228 519 395 562 murmure
417 496 606 581 compressit
627 495 763 573 eaelum,
786 495 843 560 sed
865 517 903 560 eo
925 496 1030 583 magis
1051 519 1158 562 acrem

228 603 342 668 inritat
363 602 465 667 animi
486 601 652 678 virtutem,
674 599 845 686 effringere
868 608 906 665 ut
928 609 1000 666 arta

229 714 366 772 naturae
387 705 511 792 primus
532 712 700 789 portarum
722 703 864 768 claustra
885 703 1020 788 cupiret.

230 810 306 895 ergo
328 808 438 874 vivida
458 809 507 873 vis
528 808 630 873 animi
651 808 796 893 pervicit,
818 815 852 874 et
874 815 968 873 extra

229 911 384 997 processit
405 911 501 996 louge
522 909 725 974 flammantia
747 909 877 974 moenia
898 908 1014 974 mundi

230 1023 329 1100 atque
352 1036 447 1079 omne
469 1014 666 1077 immensum
687 1013 872 1099 peragravit
893 1022 1006 1079 ruente
1028 1013 1210 1098 animoque,

229 1119 317 1184 unde
336 1119 434 1184 refert
453 1119 545 1184 uobis
567 1119 670 1184 victor
689 1118 769 1203 quid
789 1119 891 1203 possit
911 1119 996 1195 oriri,

231 1222 310 1308 quid
329 1231 480 1308 nequeat,
501 1223 595 1287 finita
615 1230 759 1308 potestas
779 1222 921 1307 denique
944 1222 1061 1306 cuique

231 1348 372 1411 quanam
391 1328 434 1393 sit
454 1328 579 1392 ratione
604 1337 703 1412 atque
722 1327 788 1391 alte
806 1326 966 1392 terminus
986 1326 1129 1390 haerens.

230 1451 330 1514 quare
348 1430 462 1517 religio
481 1430 618 1516 pedibus
641 1430 787 1495 subiecta
806 1429 947 1494 vicissim

230 1535 399 1619 optentur,
417 1557 476 1599 nos
494 1541 655 1619 exaequat
675 1533 810 1598 victoria
829 1533 924 1598 caelo.

274 1638 363 1703 Illud
384 1638 420 1702 in
440 1638 491 1702 his
510 1638 606 1703 rebus
628 1659 749 1715 vereor,
767 1659 808 1702 ne
828 1637 912 1702 forte
931 1637 1031 1701 rearis
1093 1702 1095 1706 .

230 1742 321 1827 inpia
342 1749 377 1807 te
400 1741 534 1806 rationis
552 1740 633 1805 inire
652 1741 815 1805 elementa
835 1741 985 1826 viamque

231 1846 402 1932 indugredi
421 1846 557 1912 sceleris.
601 1846 687 1930 quod
705 1853 819 1910 contra
838 1845 966 1930 saepius
983 1845 1041 1909 illa

231 1950 345 2036 religio
366 1949 494 2036 peperit
516 1949 672 2014 scelerosa
693 1956 792 2034 atque
814 1947 916 2032 impia
937 1949 1031 2013 facta.

231 2054 351 2119 Aulide
371 2077 436 2140 quo
455 2062 549 2141 pacto
570 2053 691 2118 Triviai
711 2053 845 2137 virginis
866 2075 955 2117 aram

230 2158 434 2242 Iphianassai
455 2164 644 2243 turparunt*
666 2156 807 2240 anguine
827 2156 920 2220 foede

232 2261 380 2327 ductores
397 2262 550 2325 Danaum
568 2178 820 2426 delechgprima
839 2258 989 2324 virorum.

232 2364 285 2429 cui
305 2364 402 2429 simul
422 2364 527 2428 infula
544 2363 689 2448 virgineo
723 2361 921 2426 circumdata
938 2370 1087 2447 comptus

232 2490 273 2532 ex
290 2476 429 2554 utraque
446 2467 517 2553 pari
536 2467 696 2531 malarum
716 2474 810 2553 parte
827 2467 997 2551 profusast,

232 2579 267 2637 et
286 2579 447 2636 maestum
468 2571 565 2635 simul
585 2580 666 2655 ante
681 2593 752 2635 aras
772 2570 900 2636 adstare
920 2579 1088 2656 parentem

232 2675 335 2740 sensit
355 2684 389 2741 et
408 2676 496 2741 huno
515 2683 648 2762 propter
664 2676 785 2740 ferrum
806 2662 909 2739 celare
928 2675 1093 2740 ministros

232 2787 431 2865 aspectuque
450 2802 507 2845 suo
527 2779 676 2844 lacrimas
696 2778 862 2843 effundere
882 2778 969 2855 civis,

232 2893 327 2950 muta
346 2885 437 2949 metu
456 2892 575 2948 terram
595 2882 732 2967 genibus
753 2881 924 2947 summissa
943 2883 1084 2966 petebat.

233 3010 293 3053 nec
309 2988 445 3053 miserae
463 2986 613 3072 prodesse
635 2985 751 3050 intuli
772 2994 919 3070 tempore
939 2986 1053 3070 quibat

234 3091 321 3178 quod
340 3091 446 3177 patrio
467 3091 615 3177 princeps
636 3091 772 3155 donarat
791 3090 924 3155 nomine
942 3113 1069 3176 regem3

233 3217 310 3258 nam
328 3195 456 3259 sublata
475 3193 580 3259 virum
600 3194 750 3258 manibus
768 3193 1041 3279 tremibundaque
1061 3195 1101 3259 ad
1122 3217 1194 3260 aras
1310 3213 1350 3279 95

186 3385 188 3389 ¹
235 3296 413 3376 deductast‚
435 3319 501 3361 uon
522 3305 561 3361 ut
583 3296 732 3361 sollemni
753 3318 843 3360 more
866 3318 1029 3362 sacrorum

234 3401 376 3488 perfecto
396 3409 505 3487 posset
525 3402 609 3466 claro
627 3400 775 3466 comitari
795 3400 996 3486 Hymenaeo,

234 3505 292 3570 sed
311 3512 399 3569 casta
416 3503 539 3569 inceste
560 3502 707 3568 nubendi
729 3511 875 3589 tempore
895 3503 1020 3589 inipso

235 3608 340 3674 hostia
360 3608 542 3673 concideret
562 3615 706 3673 mactatu
729 3616 853 3673 maesta
872 3609 1024 3693 parentis,

147 3831 236 3892 centio
257 3828 298 3878 for
314 3828 441 3878 rellatum.
539 3826 572 3877 68
583 3829 666 3891 soma.
697 3829 766 3891 sonu
782 3827 868 3878 Bontl.
887 3828 939 3878 and
953 3827 1034 3881 Laeh.
1048 3829 1107 3879 who
1119 3843 1179 3891 says
1197 3833 1204 3857 ‘
1208 3831 1283 3894 sumo
1301 3845 1355 3880 non

149 3910 235 3963 omnis
259 3909 404 3960 necessario
427 3924 520 3971 murno
543 3910 611 3960 est’:
632 3911 701 3974 sano
717 3924 780 3972 may
799 3909 832 3959 be
853 3909 941 3972 right:
967 3924 1010 3960 see
1033 3926 1050 3961 v
1072 3913 1117 3972 75;
1135 3911 1182 3961 but
1193 3913 1267 3975 soma
1283 3913 1356 3962 deum

149 4007 232 4045 seems
248 3995 276 4043 to
292 4006 334 4042 mo
349 4006 421 4042 more
436 3990 567 4055 emphatic
583 3990 637 4040 and
653 3990 699 4041 the
714 3991 788 4039 Qum
803 3994 832 4040 to
847 3990 880 4040 be
898 3991 1045 4053 equivalent
1061 3995 1089 4043 to
1105 4008 1141 4042 an
1157 3992 1264 4055 epithet.

200 4076 231 4127 70
247 4075 378 4138 effrinqere
393 4073 511 4125 Priscian
522 4073 574 4124 and
590 4074 645 4124 also
660 4074 674 4122 1
689 4072 744 4122 find
755 4073 823 4123 Flor.
839 4074 871 4124 29
883 4074 942 4124 Vat.
954 4075 1018 4125 1136
1032 4074 1127 4127 Othob.
1141 4075 1212 4125 Mon.
1223 4090 1249 4138 p.
1261 4089 1297 4123 m.
1316 4074 1357 4124 ior

149 4159 314 4221 eonfrinpere,
337 4155 435 4220 rightly
456 4171 492 4206 no
509 4156 599 4206 doubt.
632 4159 753 4206 uirtutem
773 4158 855 4206 animi
865 4158 1022 4221 confringere
1038 4156 1109 4207 Nico.
1208 4158 1239 4208 71
1258 4159 1358 4220 cupiret

149 4239 231 4290 Prisc.
247 4239 271 4288 A
292 4252 357 4288 corr.
380 4238 421 4288 for
441 4246 549 4302 cuperet.
665 4237 696 4290 74
718 4252 787 4288 oram
809 4238 833 4287 A
850 4251 917 4288 corr.
933 4237 1003 4288 Flor.
1027 4240 1058 4288 28
1076 4238 1129 4290 and
1147 4240 1178 4288 37
1197 4239 1239 4289 for
1255 4254 1356 4291 munem

200 4323 231 4374 77
243 4320 461 4387 ᾳυαπαπιΑοοπ.
474 4320 655 4385 torquentum.
743 4320 771 4354 Ν
907 4320 1120 4375 “unaucurt
1207 4320 1239 4370 et
1252 4322 1356 4371 Triuiai

150 4402 230 4456 Prisc.
244 4403 405 4458 lorl'riviot.
503 4404 643 4467 Bblplu‘cr·
1019 4402 1157 4455 mea.
1190 4403 1356 4466 Ipbiouooceo
