2842 4860
739 242 795 306 ΙΙΙ

249 405 295 470 sio
318 405 446 470 animus
469 426 528 490 per
551 426 584 469 se
609 426 675 468 non
700 404 773 490 quit
800 405 867 469 sine
892 424 1020 491 corpore
1045 415 1080 472 et
1106 407 1176 492 ipso

250 530 318 573 esse
343 508 484 586 homine,
507 508 593 572 illius
617 508 709 592 quasi
736 508 821 593 quod
846 531 902 573 vas
927 531 993 575 esse
1015 509 1144 574 videtur

249 611 317 676 sive
340 611 430 675 aliud
453 611 531 697 quid
556 611 605 674 vis
629 611 739 697 potius
766 611 967 676 coniunctius
991 612 1022 676 ei

249 715 381 801 fingere,
407 714 668 801 quandoquidem
692 736 815 779 conexu
839 737 953 800 corpus
977 715 1140 780 adhaeret.

291 819 441 904 Denique
468 819 605 903 corporis
631 826 729 902 atque
753 818 854 882 animi
880 818 989 883 vivata
1011 827 1154 903 potestas

248 923 335 988 inter
360 947 393 988 se
419 922 591 987 coniuncta
614 923 724 986 valent
746 922 879 1006 vitaque
902 924 1076 1003 fruuntur;

248 1050 307 1092 nec
331 1027 399 1091 sine
421 1048 549 1112 corpore
573 1026 660 1090 enim
684 1025 792 1089 vitalis
819 1026 912 1090 edere
936 1036 1044 1092 motus

248 1133 315 1196 sola
338 1140 445 1217 potest
468 1131 568 1195 animi
593 1153 652 1216 per
677 1152 711 1194 se
735 1139 853 1195 natura
878 1153 938 1195 nee
962 1140 1074 1196 autem

248 1258 373 1302 cassum
395 1236 505 1300 anima
526 1257 640 1319 corpus
662 1235 778 1299 durare
800 1243 834 1299 et
857 1236 1005 1300 sensibus
1027 1237 1086 1301 uti.

248 1340 370 1404 scilicet
393 1339 518 1403 avolsus
539 1338 702 1402 radicibus
724 1345 763 1401 ut
785 1338 900 1423 nequit
922 1339 1024 1402 ullam

248 1445 403 1529 dispicere
425 1443 493 1528 ipse
517 1443 627 1506 oculus
650 1464 719 1506 rem
742 1465 886 1507 seorsum
909 1466 1038 1528 corpore
1061 1452 1138 1520 toto,

248 1548 293 1611 sic
316 1549 425 1611 anima
447 1555 545 1631 atque
569 1545 697 1610 animus
720 1569 778 1631 per
801 1569 835 1610 se
859 1547 906 1611 nil
932 1570 1024 1633 posse
1049 1549 1189 1615 videtur.

248 1650 403 1715 nimirum
425 1649 502 1736 quia
520 1672 583 1735 per
605 1666 704 1713 venas
729 1657 763 1712 et
786 1650 909 1713 viscera
933 1650 1072 1730 mixtim,

247 1776 306 1838 per
328 1775 443 1818 nervos
468 1760 568 1836 atque
594 1773 673 1830 ossa,
695 1758 850 1816 tenentur
872 1775 1000 1837 corpore
1024 1753 1065 1817 ab
1089 1752 1177 1817 omni

248 1879 307 1921 nec
332 1855 457 1941 magnis
481 1855 660 1920 intervallis
683 1855 859 1940 primordia
883 1864 1019 1940 possunt

248 1960 349 2025 libera
372 1959 551 2034 dissultare,
574 1959 646 2022 ideo
670 1958 818 2023 conclusa
844 1967 1016 2023 moventur

248 2064 415 2129 sensiferos
438 2071 547 2127 motus
571 2085 651 2148 quos
675 2071 767 2127 extra
789 2085 904 2148 corpus
928 2064 961 2126 in
989 2087 1084 2129 auras

247 2171 330 2235 aeris
360 2170 441 2233 haut
465 2177 601 2253 possunt
623 2177 695 2253 post
719 2176 857 2232 mortem
884 2168 987 2234 eiecta
1013 2169 1135 2237 moveri

247 2281 416 2358 propterea
438 2271 601 2357 quianon
628 2271 726 2335 simili
752 2272 876 2336 ratione
900 2280 1063 2337 tenentur.

247 2397 361 2459 corpus
385 2374 472 2438 enirn
496 2382 594 2457 atque
619 2372 767 2436 animans
793 2373 855 2437 erit
879 2396 941 2450 aer,
968 2374 996 2438 si
1019 2375 1167 2440 cohibere

247 2501 315 2544 sese
339 2479 448 2543 anima
471 2486 569 2562 atque
596 2478 631 2541 in
657 2500 694 2541 eo
716 2478 836 2562 poterit
860 2479 1049 2543 concludere
1075 2489 1184 2544 motus

247 2607 326 2670 quos
348 2592 425 2649 ante
450 2583 485 2646 in
509 2582 615 2646 nervis
639 2583 730 2647 etin
756 2583 824 2667 ipso
849 2606 978 2668 corpore
1005 2584 1130 2669 agebat.
1302 2599 1341 2669 57
1346 2601 1362 2668 5

163 2705 224 2776 592
247 2689 326 2775 quin
350 2689 449 2753 etiam
471 2687 546 2751 finis
571 2688 650 2751 dum
673 2688 761 2751 vitae
785 2688 924 2752 vertitur
947 2687 1042 2764 intra,

247 2816 342 2878 saepe
365 2793 474 2877 aliqua
497 2800 608 2857 tamen
632 2815 650 2856 e
674 2814 770 2856 eausa
792 2791 950 2857 labefacta
972 2792 1102 2858 videtur

247 2899 294 2962 ire
317 2898 428 2962 anima
453 2920 490 2961 ao
513 2904 582 2961 toto
607 2897 688 2961 solui
715 2897 755 2960 de
781 2920 912 2982 corpore
935 2897 1009 2962 valla

162 3019 222 3088 595
247 3011 281 3067 et
307 3001 399 3087 quasi
423 3023 572 3086 supremo
597 3001 801 3086 languescere
825 3010 969 3086 tempore
994 3002 1100 3066 voltus

246 3105 421 3190 molliaque
445 3104 601 3189 exsangui
625 3113 733 3169 trauca
758 3103 871 3168 cadere
895 3104 1003 3168 omnia
1029 3105 1181 3170 membra.
1303 3109 1367 3187 580

160 3306 222 3364 tabi,
236 3301 351 3352 whether
361 3301 406 3350 the
418 3302 486 3350 55555
498 3314 583 3349 eomes
594 3303 622 3350 55
633 3314 696 3349 once
708 3315 737 3349 or
746 3314 821 3362 years
832 3300 899 3348 after
906 3317 913 3360 ;
926 3313 954 3346 so
966 3299 1026 3348 that
1038 3301 1157 3349 tamenin
1165 3316 1247 3364 parvo
1260 3308 1367 3366 tempore

158 3385 244 3443 would
254 3384 320 3433 have
335 3398 369 3432 no
387 3381 517 3443 meaning.
615 3382 663 3431 555
676 3383 772 3430 5555155
784 3381 827 3429 old
838 3381 891 3430 eds.
903 3381 944 3428 for
956 3382 1084 3432 homiaem.
1120 3396 1165 3430 aaa
1177 3398 1227 3430 esse
1239 3383 1309 3433 Nice.
1325 3385 1367 3433 for

158 3482 237 3517 vasae.
337 3467 385 3516 557
403 3466 451 3513 558
464 3463 545 3513 Lech.
560 3462 609 3512 has
620 3478 655 3512 no
667 3466 725 3525 stop
737 3464 803 3513 after
814 3465 944 3522 adhaeret,
956 3463 1009 3512 and
1020 3479 1035 3512 5
1047 3479 1148 3513 comma
1160 3465 1226 3513 51555
1236 3468 1365 3528 Denique:

160 3551 208 3598 558
218 3547 308 3608 begins
323 3562 339 3596 5
352 3561 408 3595 new
421 3544 580 3607 paragraph;
597 3544 677 3593 andI
693 3544 747 3593 find
761 3545 828 3593 from
840 3544 883 3593 his
898 3544 1069 3607 procl-sheets
1086 3545 1144 3594 that
1160 3546 1193 3594 he
1208 3547 1306 3596 altered
1321 3548 1367 3598 the

159 3630 235 3680 usual
245 3628 418 3692 punctuation
429 3628 492 3689 only
502 3628 530 3675 in
541 3626 584 3675 his
595 3627 659 3676 final
670 3626 760 3675 revise.
883 3626 931 3675 564
942 3629 995 3688 ipse
1007 3629 1092 3676 aculae
1104 3627 1173 3676 Flor.
1185 3629 1216 3676 31
1229 3628 1293 3676 Mar.
1308 3632 1368 3690 (not

158 3713 228 3763 Nico.
249 3711 338 3767 (lamb,
356 3709 426 3761 Bria
446 3710 503 3761 Ver.
524 3724 553 3757 or
569 3709 644 3774 Ven.)
662 3710 703 3758 for
719 3711 805 3758 555155
823 3712 885 3772 ipse.
1017 3711 1064 3760 566
1078 3726 1126 3773 per
1141 3710 1225 3760 added
1241 3711 1274 3772 by
1291 3711 1364 3764 Nico.

158 3797 257 3844 mixtim
268 3794 337 3843 Nico.
351 3792 407 3857 (not
418 3793 487 3842 Flor.
500 3793 541 3858 31)
554 3792 644 3842 (lamb.
657 3794 728 3842 Mon.
741 3792 812 3840 Brix.
825 3792 883 3841 Ver.
895 3792 958 3843 Ven.
973 3794 1107 3842 1555555ιί.
1213 3794 1260 3844 571
1272 3797 1367 3844 moveri

157 3876 249 3926 Lamb.
260 3876 301 3924 lor
317 3890 420 3935 mouere,
434 3873 627 3922 ‘inscitissime'
639 3888 699 3936 says
709 3873 797 3922 wau:
815 3889 856 3922 555
871 3876 945 3922 notes
959 3876 974 3922 2
992 3877 1020 3923 to
1035 3889 1061 3922 55
1075 3874 1131 3925 595,
1243 3875 1291 3924 573
1308 3878 1367 3924 551-

158 3974 229 4016 raaaa
247 3960 296 4006 erit
307 3957 397 4007 Lamb.
411 3958 450 4005 lor
465 3959 576 4005 animam
590 3959 659 4006 55555.
760 3957 808 4008 574
826 3972 853 4005 55
868 3956 950 4004 Faber
965 3957 1004 4005 for
1016 3971 1069 4006 eos:
1086 3954 1212 4005 55555515
1223 3956 1367 4008 correction

157 4038 254 4100 rightly
265 4038 391 4087 admitted
401 4038 434 4101 by
445 4038 531 4087 Bentl.
543 4037 596 4086 and
608 4036 709 4088 Greech.
745 4036 827 4086 Lach.
840 4041 944 4100 strange
955 4041 982 4086 to
999 4053 1045 4100 say
1060 4036 1108 4085 has
1124 4037 1256 4099 neglected
1274 4037 1295 4085 it
1311 4039 1366 4088 and

158 4119 271 4169 received
282 4119 385 4169 instead
391 4119 555 4169 Wakefield's
566 4118 712 4180 conjecture
722 4120 755 4167 Ia
765 4134 791 4167 55
803 4121 913 4168 aniciam
924 4118 963 4166 for
974 4119 1033 4167 Scae
1045 4120 1141 4167 aalma.
1235 4119 1366 4170 576-590

158 4197 307 4263 (ser-606)
320 4198 408 4247 Ghrist
423 4200 522 4259 quaest.
536 4197 612 4248 Lacr.
631 4213 656 4260 p.
673 4199 704 4248 19
719 4197 767 4246 hae
784 4199 885 4260 aeutely
902 4212 961 4246 seen
979 4197 1037 4247 that
1054 4196 1127 4245 these
1143 4211 1195 4245 vss.
1213 4211 1257 4246 are
1275 4200 1321 4246 out
1338 4200 1369 4248 of

157 4279 242 4341 place:
260 4279 293 4328 he
307 4283 369 4342 puts
382 4278 454 4328 them
470 4279 536 4328 after
551 4280 599 4330 579
618 4278 698 4344 (594);
716 4279 788 4341 Iput
805 4278 878 4328 them
893 4278 959 4329 after
973 4280 1034 4329 575:
1052 4292 1093 4326 see
1104 4281 1180 4326 notes
1191 4279 1215 4329 2.
1315 4279 1366 4329 578

157 4363 187 4411 de
202 4377 302 4425 corporo
317 4361 584 4423 5511555515555551)1
600 4361 683 4410 larda
701 4376 799 4423 corpore
816 4363 900 4411 amaia
915 4364 1023 4412 membra
1040 4360 1125 4411 which
1141 4359 1191 4410 has
1207 4374 1279 4410 corne
1295 4359 1366 4411 from
