2842 4860
170 246 231 329 178
747 242 798 309 IV

169 418 228 487 545
252 413 289 470 et
309 404 424 470 validis
446 403 538 491 cycni
559 402 757 468 torrentibus
779 423 819 466 ex
842 400 1009 466 Heliconis

254 531 328 573 eum
351 507 507 594 liquidam
530 508 651 572 tollunt
672 506 803 594 lugubri
825 529 901 571 voce
924 505 1108 591 querellam.

298 611 404 676 Hasce
427 610 529 698 igitur
549 610 681 696 penitus
703 632 796 674 voces
818 631 892 673 cum
914 631 1043 694 corpore
1065 614 1174 672 nostro

256 714 467 800 exprimimus
488 722 640 799 rectoque
663 715 746 778 foras
768 713 947 778 emittimus
969 735 1031 790 ore,

255 817 384 882 mobilis
406 817 558 882 articulat
579 817 750 882 verborum
772 817 908 881 daedala
928 816 1041 903 lingua

173 937 236 1004 550
256 923 496 1008 formaturaque
518 922 681 987 labrorum
702 944 760 1007 pro
782 928 874 1006 parte
896 921 1023 1008 figurat.

173 1041 234 1110 553
258 1026 318 1092 hoc
340 1026 399 1091 ubi
420 1049 485 1091 non
507 1027 639 1112 longurn
662 1025 836 1110 spatiumst
857 1025 943 1090 uude
966 1047 1032 1088 una
1053 1025 1197 1109 profecta

259 1130 429 1216 perveniat
450 1152 511 1194 vox
534 1151 691 1215 quaeque,
713 1136 874 1194 necessest
896 1129 994 1193 verba
1015 1150 1143 1214 quoque
1165 1126 1237 1212 ipsa

259 1233 355 1319 plane
377 1231 524 1298 exaudiri
546 1231 746 1317 discernique
768 1231 987 1311 articulatim3

259 1344 366 1400 servat
388 1335 475 1400 enim
498 1337 708 1400 formaturam
730 1344 900 1422 servatque
923 1334 1068 1421 figuram.

260 1448 297 1504 at
317 1439 345 1504 si
366 1439 594 1525 interpositum
616 1439 758 1524 spatium
780 1439 824 1504 sit
845 1439 972 1526 longius
993 1462 1105 1525 aeque,

260 1567 335 1611 aera
356 1567 415 1630 per
435 1544 577 1608 multum
600 1544 753 1609 confundi
774 1544 872 1608 verba
893 1553 1054 1609 necessest

188 1733 191 1740 r
260 1657 295 1715 et
317 1647 501 1714 conturbari
522 1670 641 1725 vocem,
663 1647 741 1711 dum
764 1647 941 1732 transvolat
962 1670 1064 1714 auras.

261 1775 338 1840 ergo
359 1751 406 1830 fit,
429 1751 571 1816 sonitum
593 1759 632 1815 ut
653 1750 755 1836 possis
776 1751 896 1816 sentire
918 1774 1023 1838 neque
1045 1751 1135 1816 illam

261 1855 485 1933 internoscere,
507 1854 677 1920 verbomm
699 1855 863 1920 sententia
884 1879 966 1942 quae
989 1856 1054 1922 sit:

262 1981 364 2045 usque
386 1959 467 2024 adeo
488 1958 619 2023 confusa
640 1957 731 2022 venit
752 1980 814 2022 vox
835 1957 933 2045 inque
955 1959 1074 2044 pedi-ta

262 2070 430 2148 praeterea
451 2062 586 2126 verbum
608 2083 703 2147 saepe
726 2084 828 2126 unum
850 2062 973 2148 perciet
994 2062 1081 2128 auris

262 2167 411 2233 omnibus
432 2167 467 2231 in
488 2167 616 2254 populo,
639 2167 773 2232 missum
795 2168 960 2254 praeconis
982 2168 1107 2235 abore.

261 2271 297 2336 in
318 2271 439 2336 multas
460 2271 563 2359 igitur
584 2293 677 2336 voces
699 2294 760 2336 vox
783 2295 849 2336 una
869 2282 1003 2358 repente

263 2375 403 2464 diffugit,
425 2376 461 2440 in
482 2376 590 2462 privas
611 2376 763 2462 quoniam
785 2400 819 2442 se
842 2376 959 2443 dividit
980 2377 1066 2444 auris

262 2480 435 2568 obsignans
456 2482 592 2546 formam
613 2481 704 2548 verbi
726 2482 912 2568 clarumque
934 2505 1087 2548 sonorem.

263 2594 299 2651 at
320 2608 402 2673 quae
425 2609 498 2672 pars
515 2608 635 2651 vocum
656 2608 721 2651 non
743 2586 830 2651 auris
850 2586 966 2652 incidit
987 2587 1081 2673 ipsas,

262 2690 458 2777 praeterlata
478 2689 564 2775 perit
585 2690 704 2754 frustra
726 2688 843 2754 diffirsa
864 2712 923 2775 per
943 2713 1045 2756 auras.

262 2815 336 2878 pars
357 2791 466 2858 solidis
488 2792 590 2858 adlisa
611 2792 688 2858 locis
709 2793 829 2858 reiecta
850 2816 996 2859 sonorem

262 2896 370 2962 reddit
391 2905 427 2962 et
447 2896 612 2962 interdum
634 2898 809 2962 frustratur
829 2897 970 2986 imagine
993 2898 1091 2965 verbi.

263 3022 346 3086 quae
368 2999 451 3065 bene
474 3022 548 3065 cum
570 2999 689 3078 videas,
710 3000 869 3066 rationem
890 3002 1023 3067 reddere
1045 3002 1146 3088 possis

263 3111 336 3170 tute
358 3103 421 3170 tibi
442 3112 541 3192 atque
563 3105 643 3183 aliis,
666 3129 729 3192 quo
751 3113 845 3192 pacto
866 3130 926 3194 per
946 3108 1016 3173 loca
1036 3108 1104 3174 sola

176 3325 274 3390 moetly
288 3328 333 3376 too
349 3324 446 3376 abeurd
462 3327 490 3376 to
506 3325 539 3376 be
555 3325 714 3378 mentioned.
747 3330 919 3395 Berecynthia
936 3332 1046 3381 barbara
1061 3333 1097 3383 Is
1112 3331 1186 3383 Voss.
1198 3332 1228 3382 in
1244 3349 1295 3385 me.
1311 3338 1387 3386 notes

176 3405 230 3456 end
238 3404 267 3455 in
278 3405 413 3456 Ostullus:
429 3407 603 3471 Berecynthia
614 3422 709 3459 cornea
720 3409 807 3461 Bentl.
930 3413 978 3464 547
995 3416 1032 3463 Et
1043 3415 1138 3464 validis
1149 3417 1223 3478 cycni
1235 3419 1387 3469 terreatitm

177 3503 208 3538 ec
219 3487 400 3538 Heliconide.
413 3487 488 3538 Voss.
499 3489 528 3538 in
540 3503 589 3538 ma.
601 3492 676 3540 notes
687 3491 728 3540 for
738 3494 775 3543 Et
790 3495 886 3543 cotidie
899 3497 966 3544 necti
981 3498 1053 3545 tortia
1065 3512 1096 3546 ec
1106 3498 1240 3548 Heliconis
1252 3498 1282 3549 of
1290 3500 1327 3552 A:
1343 3499 1387 3552 the

177 3568 273 3619 middle
284 3569 367 3620 words
385 3570 414 3620 of
428 3569 483 3620 this
499 3569 562 3632 line,
575 3585 605 3620 as
621 3571 651 3621 of
666 3572 711 3622 the
727 3573 873 3637 preceding,
888 3590 953 3626 were
969 3577 1106 3628 mutilated
1120 3577 1155 3642 by
1171 3595 1243 3631 some
1260 3582 1385 3638 accident.

177 3655 213 3703 Et
222 3654 296 3718 cycni
307 3655 380 3703 tortia
390 3654 548 3703 convallibus
559 3653 639 3704 Lech.
664 3663 720 3706 aete
733 3660 806 3706 tertie
817 3659 840 3706 A
848 3672 912 3708 corr.
921 3657 952 3710 B.
1019 3676 1078 3711 nece
1091 3665 1164 3712 tortia
1175 3661 1261 3717 Nica:
1278 3663 1361 3718 hence
1371 3682 1387 3719 e

177 3738 236 3785 vast
246 3735 348 3798 variety
358 3735 387 3784 of
397 3738 502 3799 strange
512 3736 642 3800 readings,
654 3739 719 3789 such
730 3755 760 3790 ae
770 3743 807 3789 Et
817 3743 910 3803 pelidie
921 3745 995 3807 cycni
1006 3753 1076 3794 nocte
1085 3748 1135 3795 orte
1143 3745 1171 3795 of
1180 3746 1258 3800 Bern.
1340 3750 1388 3802 550

177 3820 313 3868 emittimus
332 3817 356 3866 Δ
373 3832 439 3867 corr.
451 3819 491 3868 for
509 3821 640 3870 mittimus.
741 3823 787 3872 551
808 3825 935 3874 certorum
953 3824 1046 3876 Lamb.
1062 3827 1103 3877 for
1121 3843 1261 3879 nemorum.
1339 3834 1387 3884 555

180 3898 248 3961 ‘lego
258 3914 320 3961 aaa,
331 3913 500 3962 unaquaeque
510 3915 560 3949 vox
570 3901 712 3964 perveniat.
724 3903 759 3951 B’
770 3904 855 3956 Bentl.
870 3905 911 3954 for
921 3907 980 3956 illa.
1071 3909 1120 3958 560
1135 3911 1218 3960 ittam.
1251 3913 1302 3962 uu
1308 3912 1385 3967 Pont.

177 3978 354 4030 Alu1Junt.
390 3982 470 4030 hilum
485 3981 579 4032 Lamb.
596 3982 707 4033 without
723 3999 807 4035 cause.
920 3989 967 4038 563
984 3991 1092 4039 vertam.
1121 3993 1238 4054 peditum
1252 3993 1388 4048 Nicaand

177 4061 213 4112 all
224 4061 290 4111 later
303 4074 367 4110 mes.
379 4061 432 4120 and
446 4061 519 4125 early
529 4063 596 4113 eds:
613 4063 695 4113 hence
707 4067 816 4115 edictum
827 4067 892 4116 Mar.
904 4067 961 4118 Ald.
976 4071 989 4118 1
1002 4070 1076 4120 Junt.
1087 4072 1168 4134 vulga
1182 4075 1301 4136 peditum
1315 4089 1387 4129 mmo

176 4145 245 4195 lrom
255 4144 301 4194 the
312 4145 403 4208 pedite
414 4145 443 4194 of
456 4145 505 4194 562
517 4145 660 4208 catchingt
649 4147 694 4197 the
705 4149 806 4211 copyist
809 4152 830 4199 's
840 4165 893 4213 eye.
1003 4154 1051 4204 567
1066 4156 1136 4205 verti
1146 4155 1228 4206 Lam.
1239 4157 1281 4208 for
1290 4160 1387 4213 555005

177 4239 341 4288 anecessary
351 4225 459 4288 change
558 4229 606 4278 568
623 4245 694 4279 auree
706 4232 810 4281 recedat
845 4237 942 4283 aurete
953 4237 1058 4285 accedet
1092 4251 1130 4286 sm
1140 4237 1388 4301 rependum

177 4310 203 4357 et
219 4305 310 4356 ceteris
322 4306 415 4357 Latini
430 4307 558 4359 sermonis
574 4310 724 4361 auctoribus
740 4311 901 4363 admonitus’
918 4315 1023 4376 Lamh3
1041 4317 1094 4367 and
1109 4317 1192 4371 meh.
1205 4318 1302 4375 think
1314 4320 1389 4377 ht·

177 4388 302 4454 probably
311 4389 389 4453 right,
403 4404 434 4440 as
445 4389 520 4443 Luer.
535 4390 668 4444 himseltv
680 4394 728 4445 608
740 4407 799 4445 uses
810 4394 855 4448 the
866 4410 937 4448 same
948 4399 1134 4453 construction.
1224 4434 1228 4441 -
1335 4400 1383 4461 hd
