2842 4860
637 248 667 311 V

135 416 169 473 et
191 407 290 472 micat
312 406 476 471 interdum
498 406 642 470 flammai
664 405 805 470 fervidus
827 405 928 480 ardor,

134 519 251 575 mutua
272 511 351 574 dum
372 511 459 575 inter
480 532 514 574 se
537 510 618 574 rami
640 509 820 594 stirpesque
843 515 1001 571 teruntur.

135 637 271 700 quorum
293 623 469 699 utrumque
492 614 617 678 dedisse
639 620 747 698 potest
769 610 960 675 mortalibus
983 611 1100 696 ignem.

42 800 45 805 ἦ
134 719 210 782 inde
234 719 342 782 cibum
365 740 499 803 coquere
522 740 559 781 ac
581 717 730 780 flammae
753 715 878 779 mollire
900 736 1017 799 vapore

135 821 182 884 sol
205 821 323 897 docuit,
347 821 499 906 quoniam
521 820 689 883 mitescere
712 819 818 884 multa
839 817 994 881 videbant
1023 819 1024 822 ’

135 923 322 987 verberibus
344 924 506 987 radiorum
529 931 627 1009 atque
650 931 743 986 aestu
766 922 853 986 victa
874 944 932 1007 per
953 943 1054 1008 agros.

180 1026 284 1112 Inque
307 1027 376 1091 dies
397 1027 501 1113 magis
523 1026 559 1090 hi
580 1027 704 1092 victum
726 1025 892 1110 vitamque
914 1025 1053 1110 priorem

137 1139 334 1194 commutare
357 1131 448 1194 novis
470 1132 692 1195 monstrabant
714 1128 803 1193 rebu’
827 1128 961 1214 benigni,

137 1232 268 1318 ingenio
290 1233 346 1317 qui
368 1234 577 1318 praestabant
600 1241 634 1296 et
656 1232 750 1296 corde
772 1232 934 1317 vigebant.

138 1337 272 1400 condere
296 1344 470 1422 coeperunt
492 1337 581 1400 urbis
603 1358 773 1420 arcemque
796 1336 898 1399 locare

138 1440 334 1524 praesidium
356 1463 449 1527 reges
470 1440 533 1525 ipsi
555 1440 617 1504 sibi
639 1439 895 1524 perfugiumque,

56 1592 66 1603 ,
139 1551 173 1607 et
194 1566 292 1628 pecus
314 1552 413 1629 atque
436 1567 528 1629 agros
550 1544 686 1608 divisere
708 1551 807 1628 atque
830 1543 947 1606 dedere

138 1667 195 1730 pro
218 1646 297 1709 facie
320 1647 475 1732 cuiusque
499 1655 532 1710 et
554 1647 676 1710 viribus
698 1647 914 1733 ingenioque3

139 1772 215 1812 nam
238 1750 334 1831 facies
356 1751 498 1813 multum
521 1750 624 1814 valuit
646 1749 793 1835 viresque
815 1739 970 1834 vigentes.
1003 1821 1005 1824 v

139 1852 298 1936 posterius
320 1875 370 1916 res
392 1853 557 1916 inventast
579 1875 758 1938 aurumque
780 1861 953 1937 repertum,

140 1954 226 2038 quod
248 1955 340 2019 facile
363 1963 397 2018 et
420 1955 534 2019 validis
557 1964 590 2019 et
612 1955 754 2040 pulchris
777 1954 918 2040 dempsit
940 1955 1111 2034 honorem,

139 2056 298 2120 divitioris
320 2058 407 2121 enim
430 2066 551 2122 sectam
573 2058 763 2144 plerumque
786 2066 940 2122 secuntur
977 2096 980 2101 ·

141 2160 387 2243 quamlubetet
410 2161 507 2223 fortes
529 2168 563 2224 et
585 2161 719 2245 pulchro
741 2150 870 2246 corpore
893 2161 979 2227 creti

141 2261 226 2346 quod
248 2262 349 2349 siquis
370 2286 446 2327 vera
468 2264 569 2328 vitam
591 2265 715 2328 ratione
737 2267 906 2351 gubernet,

141 2364 274 2429 divitiae
296 2367 432 2452 grandes
455 2368 578 2431 homini
600 2377 677 2432 sunt
698 2369 806 2434 vivere
828 2392 922 2454 parce
970 2396 972 2399 ’

141 2491 244 2553 aequo
266 2471 393 2550 animo;
422 2494 527 2556 neque
550 2472 638 2536 enim
661 2480 710 2536 est
732 2496 887 2558 umquam
909 2472 1045 2558 penuria
1066 2471 1164 2556 parvi.

141 2581 176 2636 at
198 2575 298 2639 claros
319 2574 465 2639 homines
486 2576 658 2639 voluerunt
681 2599 715 2640 se
737 2585 835 2663 atque
857 2586 1015 2662 potentes,
1180 2595 1262 2643 1120

141 2685 180 2740 ut
203 2678 413 2742 fundamento
436 2679 545 2743 stabili
568 2680 697 2744 fortuna
718 2689 864 2744 maneret

142 2788 176 2844 et
197 2781 357 2865 placidam
379 2790 509 2867 possent
532 2784 678 2868 opulenti
700 2784 816 2870 degere
839 2785 949 2861 vitam,

142 2886 347 2971 nequiquam,
370 2886 522 2971 quoniam
544 2887 585 2951 ad
607 2910 771 2951 summum
793 2889 961 2953 succedere
984 2888 1136 2955 honorem

143 2997 304 3053 certantes
325 2989 388 3053 iter
409 2989 564 3053 infestum
587 2991 690 3054 fecere
712 2990 786 3068 viai,

143 3102 177 3157 et
199 3101 310 3156 tamen
332 3116 350 3157 e
373 3116 506 3170 summo,
530 3095 621 3179 quasi
643 3095 775 3171 fulmen,
797 3095 896 3159 deicit
918 3096 999 3160 ictos
1181 3111 1260 3178 1125

142 3197 265 3261 invidia
286 3197 450 3261 interdum
473 3199 685 3284 contemptim
707 3199 742 3262 in
764 3200 898 3265 Tartara
920 3208 1026 3264 taetra
1038 3223 1045 3280 ;

55 3479 181 3531 lautior
195 3481 236 3529 Ut.
336 3479 399 3530 1099
416 3480 453 3527 Et
469 3481 547 3528 micat
564 3479 630 3528 Mar.
648 3479 706 3528 Ald.
725 3481 739 3527 1
756 3479 830 3528 June.
848 3479 889 3529 for
904 3481 1008 3530 Emicat
1024 3478 1109 3530 which
1125 3479 1217 3530 Lamb.
1235 3479 1263 3530 in
1329 3476 1333 3482 ’

55 3566 142 3612 errata
158 3565 186 3611 to
203 3561 242 3611 ed.
260 3563 275 3609 3
288 3561 401 3624 wrongly
411 3564 530 3611 restores.
661 3563 725 3611 1102
742 3578 853 3625 coquere.
887 3577 950 3625 quoq
961 3578 968 3620 ;
985 3578 1042 3612 uere
1054 3562 1084 3622 A,
1096 3578 1219 3626 coquere
1230 3564 1261 3624 B,

56 3660 178 3708 quoquere
194 3644 264 3693 Nice.
281 3643 334 3693 end
349 3643 430 3694 Lech.
575 3644 783 3694 nocuitatem
798 3646 909 3706 Nauger.
922 3645 961 3694 for
971 3647 1101 3695 invictum.
1135 3653 1159 3696 ct
1170 3648 1265 3695 victum

56 3731 122 3779 Mar.
134 3729 192 3779 Ald.
206 3730 219 3777 1
231 3728 305 3778 Junt.
437 3730 501 3780 1106
513 3729 582 3778 rebu’
595 3731 697 3792 beniqui
708 3730 787 3780 Lech.
800 3730 840 3779 for
850 3733 921 3780 rebus
933 3737 957 3780 et
968 3732 1032 3793 iqui.
1152 3731 1217 3780 1110
1227 3732 1264 3780 Ei

51 3828 128 3876 pecus
139 3818 215 3875 etque
226 3829 299 3875 syros
315 3811 395 3862 Laeh.
407 3812 448 3861 for
458 3815 495 3861 Et
507 3814 614 3875 pecudea
630 3821 706 3876 etque
722 3828 808 3881 apros:
825 3827 910 3875 comp.
924 3814 986 3865 1291
998 3812 1084 3862 where
1101 3813 1141 3863 ior
1153 3814 1263 3877 pecusB

55 3897 104 3946 has
116 3897 232 3960 pecudes.
265 3898 301 3943 Et
314 3896 421 3958 pecudes
438 3903 462 3944 et
472 3910 545 3956 eqros
562 3895 631 3944 Flor.
645 3897 675 3943 31
689 3894 778 3945 (lamb.
791 3895 866 3945 Pout.
884 3895 949 3945 Mar.
961 3896 1030 3958 vulg.
1065 3897 1171 3945 divisere
1188 3903 1264 3958 etque

55 3979 143 4027 dedere
155 3977 230 4026 Pont.
243 3976 309 4025 Mar.
321 3975 379 4025 Ald.
392 3977 406 4023 1
418 3976 493 4025 Junt.
505 3976 545 4024 for
557 3977 727 4039 deviceratque
739 3978 832 4028 debere.
879 3979 982 4027 divisim
997 3985 1026 4026 ut
1038 3979 1151 4040 quisquis
1164 3977 1265 4026 baberet

56 4058 145 4110 Gamb.
280 4059 343 4106 1112
354 4060 467 4121 uiresque
477 4061 588 4120 uiqeutec
599 4059 682 4108 Faber
693 4059 721 4107 in
729 4062 805 4109 notes
816 4060 857 4109 ior
868 4062 981 4122 viresque
992 4061 1119 4123 uiqebeut,
1151 4061 1264 4121 uiresque

54 4145 173 4204 uiqorque
184 4138 279 4189 Lech:
296 4141 414 4201 viqebeut
425 4139 459 4188 he
471 4154 531 4202 says
541 4137 592 4188 has
606 4154 678 4188 come
691 4140 759 4188 from
778 4140 855 4191 1107:
872 4141 967 4204 clearly
978 4143 1043 4190 uires
1056 4142 1173 4201 uiqebaut
1190 4139 1266 4189 could

56 4224 118 4286 only
134 4236 211 4271 mean
230 4219 311 4271 ‘their
326 4219 445 4282 strength
460 4234 513 4270 was
528 4215 592 4270 then
608 4221 637 4269 in
652 4221 688 4271 its
703 4221 821 4283 vigour’:
840 4238 855 4272 a
872 4223 994 4284 meaning
1009 4221 1070 4271 here
1086 4221 1157 4284 quite
1173 4222 1218 4270 out
1239 4221 1267 4270 of

54 4307 136 4370 place.
251 4302 315 4352 1116
327 4305 389 4353 creti
400 4302 469 4354 Flor.
482 4303 513 4354 31
526 4301 615 4353 (lamb.
626 4303 698 4352 Brix.
711 4303 768 4352 Ver.
781 4304 844 4353 Ven.
856 4304 922 4354 Mar.
934 4304 974 4354 ior
986 4305 1057 4354 certi.
1168 4304 1232 4352 1120
1243 4303 1266 4352 is

55 4386 136 4438 much
146 4385 284 4450 corrupted
294 4385 329 4450 by
339 4384 433 4437 Lanu
564 4386 629 4435 1124
641 4387 772 4437 catania
783 4390 833 4437 iter
844 4387 909 4438 Mar.
921 4387 979 4436 Ald.
992 4388 1006 4434 1
1018 4387 1091 4436 Junt.
1104 4386 1144 4436 lor
1162 4387 1265 4435 011100-
