2842 4860
651 238 682 302 V

149 422 242 464 umor
263 401 343 465 item
365 402 528 487 quondam
550 402 656 488 coepit
679 425 829 488 superare
852 412 986 480 coortus,

149 510 188 564 ut
210 503 296 567 fama
318 511 375 581 est,
398 505 566 569 hominum
589 506 709 570 multas
732 507 860 591 quando
882 506 991 571 obruit
1012 506 1108 571 urbis.

148 605 224 668 inde
247 606 374 671 ubivis
396 607 506 692 aliqua
527 609 650 673 ratione
673 632 784 673 aversa
805 610 945 687 recessit,

150 730 190 771 ex
212 708 340 774 infinito
362 711 468 775 fuerat
491 734 712 797 quaecumque
735 721 850 790 coorta,

149 813 365 877 constiterunt
386 815 506 879 imbres
528 824 562 879 et
585 816 720 879 flumina
741 816 807 879 vim
830 816 1026 882 minuerunt.

195 915 260 979 Sed
282 917 400 1001 quibus
421 919 476 982 ille
498 918 602 983 modis
624 920 787 984 coniectus
809 921 958 985 materiai

150 1019 293 1083 fundarit
316 1029 435 1085 terram
458 1030 492 1086 et
514 1024 639 1087 caelum
662 1024 818 1109 pontique
841 1023 1008 1110 profunda,

149 1121 223 1185 solis
245 1122 335 1186 lunai
356 1147 475 1201 cursus,
499 1147 538 1188 ex
561 1125 670 1189 ordine
693 1149 818 1211 ponam

150 1245 226 1286 nam
248 1233 334 1288 certe
357 1248 462 1311 neque
485 1228 616 1292 consilio
638 1229 812 1314 primordia
833 1253 941 1294 rerum

150 1326 260 1391 ordine
283 1351 316 1392 so
339 1352 397 1392 suo
420 1352 566 1416 quaeque
588 1332 695 1418 sagaci
717 1341 827 1397 mente
849 1334 996 1397 locarunt

151 1453 210 1494 nec
232 1454 311 1516 quos
333 1454 480 1518 quaeque
502 1433 617 1498 darent
639 1443 747 1499 motus
769 1437 921 1522 pepigere
943 1436 1094 1521 profecto,

151 1533 208 1597 sed
230 1535 307 1619 quia
328 1537 433 1599 multa
454 1537 558 1601 modis
580 1538 692 1602 multis
714 1539 889 1624 primordia
910 1562 1018 1604 rerum

151 1658 191 1699 ex
213 1636 341 1701 infinito
363 1638 428 1701 iam
451 1646 596 1725 tempore
618 1641 741 1726 percita
762 1642 867 1727 plagis

150 1741 409 1828 ponderibusque
431 1743 498 1807 suis
520 1753 715 1808 consuerunt
737 1745 863 1809 concita
885 1746 960 1810 ferri

151 1845 406 1932 omnimodisque
429 1847 513 1911 coire
535 1855 634 1932 atque
657 1848 765 1912 omnia
786 1857 1013 1934 pertemptare,

152 1970 373 2033 quaecumque
395 1949 482 2013 inter
504 1973 538 2014 se
561 1958 691 2035 possent
713 1974 882 2038 congressa
904 1975 1019 2029 creare,

150 2060 320 2137 propterea
342 2052 381 2115 fit
403 2053 454 2116 uti
476 2076 632 2139 magnum
654 2055 784 2140 volgata
805 2078 863 2140 per
884 2078 997 2119 aevom

152 2178 246 2219 omne
268 2179 371 2243 genus
393 2165 504 2221 coetus
527 2166 561 2221 et
583 2165 691 2221 motus
714 2157 911 2242 experiundo

152 2259 284 2323 tandem
307 2260 499 2324 conveniant
521 2283 560 2325 ea
582 2283 664 2346 quae
687 2269 839 2325 convecta
860 2270 994 2346 repente

152 2384 343 2448 magnarum
365 2385 473 2427 rerum
495 2363 580 2428 fiunt
603 2364 732 2428 exordia
754 2388 857 2450 saepe,

152 2467 251 2530 terrai
272 2468 369 2532 maris
391 2476 425 2532 et
448 2469 529 2532 caeli
550 2469 740 2555 generisque
763 2470 974 2534 animantum.

196 2569 261 2634 Hic
283 2593 388 2656 neque
411 2579 483 2635 tum
506 2573 581 2636 solis
602 2580 674 2637 rota
696 2573 783 2637 cerni
805 2574 928 2638 lumine
950 2575 1039 2660 largo

152 2674 322 2738 altivolans
344 2683 472 2759 poterat
494 2698 553 2739 neo
576 2676 687 2762 magni
709 2675 814 2741 sidera
836 2677 950 2741 mundi

152 2801 212 2842 nec
234 2800 322 2842 mare
344 2801 404 2842 nec
426 2779 551 2843 caelum
573 2802 633 2843 nec
655 2780 795 2865 denique
818 2787 904 2843 terra
925 2802 1030 2865 neque
1053 2802 1109 2843 aer

153 2905 212 2946 neo
234 2881 348 2946 similis
370 2882 488 2946 nostris
509 2881 606 2946 rebus
627 2904 678 2946 res
699 2882 768 2945 ulla
790 2880 901 2958 videri,

152 2985 209 3049 sed
230 3008 313 3049 nova
335 2992 511 3070 tempestas
534 2985 693 3070 quaedam
716 2986 880 3070 molesque
903 2993 1010 3049 coorta

65 3106 133 3168 440
154 3110 248 3152 omne
270 3110 374 3173 genus
395 3088 436 3152 de
459 3088 633 3174 principiis
656 3088 812 3153 discordia
835 3112 970 3174 quorum

153 3192 325 3257 intervalla
345 3192 414 3256 vias
436 3215 575 3256 conexus
598 3193 740 3278 pondera
761 3193 873 3279 plagas

153 3321 323 3363 concursus
345 3306 453 3362 motus
476 3297 630 3361 turbabat
652 3297 773 3382 proelia
794 3297 940 3374 miscens

64 3491 174 3548 pratum.
212 3487 313 3545 pratum
332 3481 448 3549 (oratum)
472 3483 531 3534 Ver.
551 3483 614 3536 Ven.
780 3485 828 3536 409
846 3485 894 3534 410
911 3483 990 3535 Lach.
1010 3483 1045 3546 by
1061 3498 1077 3533 a
1095 3485 1198 3546 strange
1214 3483 1275 3533 mis-

66 3565 257 3628 apprchension
273 3565 371 3615 inverte
383 3566 457 3616 these
466 3582 553 3616 verses
564 3567 616 3616 and
628 3567 668 3616 lor
679 3570 732 3615 Aut
742 3575 847 3629 pereunt
858 3566 932 3615 reads
947 3569 984 3615 Et
995 3573 1109 3628 pereunt.
1227 3566 1276 3614 412

64 3651 136 3698 urbis
146 3648 223 3698 Pont.
236 3649 309 3698 Junt.
321 3650 361 3699 for
371 3652 455 3699 unda.
495 3650 564 3700 Flor.
582 3652 613 3699 31
626 3651 714 3700 (lamb.
728 3650 785 3700 Ver.
800 3650 864 3698 Ven.
885 3649 951 3698 Mar.
968 3652 1016 3698 eto.
1036 3649 1100 3711 keep
1117 3649 1201 3707 undis,
1224 3647 1277 3698 and

65 3731 107 3780 for
118 3733 242 3780 hominum
252 3735 344 3781 multas
355 3732 416 3781 read
429 3735 554 3783 luminum
564 3736 661 3783 multos.
728 3734 777 3781 423
796 3734 870 3781 Omrw
881 3747 957 3794 penos
971 3729 1051 3782 Lech.
1066 3731 1106 3779 for
1119 3732 1277 3792 Omnipenus.

67 3814 214 3873 omnigenos
233 3813 256 3860 A
275 3828 341 3862 corr.
360 3813 427 3876 vulg.
563 3816 611 3866 429
628 3822 745 3864 convecta
761 3812 842 3863 Lach.
858 3814 898 3862 for
913 3821 1040 3862 convento.
1076 3815 1104 3861 T.
1117 3828 1138 3861 c.
1153 3828 1216 3875 quae
1233 3813 1277 3860 ubi

65 3894 296 3944 consumebant.
306 3894 369 3944 ed.1
381 3914 389 3957 3
414 3899 443 3944 Τ.
453 3912 483 3945 ea
491 3911 513 3945 c.
524 3912 587 3959 quae
599 3903 628 3944 ut
639 3911 770 3945 convenere
779 3895 819 3944 ed.
829 3897 844 3943 2
854 3894 906 3944 and
913 3896 936 3952 3,
945 3893 1062 3942 followed
1070 3894 1104 3956 by
1113 3892 1218 3955 Oreeoh,
1228 3895 1276 3942 ete.

65 3978 115 4027 430
126 3978 196 4041 fiunt
212 3975 280 4026 Flor.
296 3978 327 4025 31
345 3976 434 4027 (lamb.
447 3978 487 4027 for
498 3981 593 4042 fluunt.
627 3992 707 4040 saepe.
719 3992 818 4040 semper,
831 3991 860 4026 as
872 3991 893 4024 11
910 3975 974 4024 1062
984 3974 1064 4024 Laoh.
1131 3976 1178 4023 432
1196 3977 1276 4035 largo.

65 4062 135 4108 claro
147 4057 261 4108 Macrob.
372 4060 420 4108 433
437 4061 579 4110 Altivolaru
591 4059 667 4110 Pont.
681 4060 777 4109 Avanc.
792 4057 844 4108 and
861 4057 973 4108 Macrob.
989 4058 1037 4108 sat.
1051 4071 1079 4105 v1
1095 4057 1154 4104 223
1168 4055 1208 4104 for
1219 4058 1277 4104 Alte

65 4144 161 4191 volam.
194 4143 354 4190 Altavolarrs
365 4141 512 4192 Manlunt.
589 4142 720 4193 437-442
733 4137 1006 4206 (tto-Mtlamthus
1017 4136 1142 4199 arranged
1153 4135 1186 4200 by
1195 4135 1276 4186 Lach.

65 4224 133 4274 alter
144 4222 281 4273 Reisaoker
295 4226 394 4286 quaest.
406 4224 496 4284 Luor.;
513 4223 566 4274 and
577 4223 623 4274 tha
633 4223 762 4286 necessity
771 4221 802 4271 or
815 4222 869 4272 this
885 4221 985 4283 change
996 4220 1020 4269 is
1031 4218 1161 4279 manifest,
1176 4217 1277 4279 though

66 4304 180 4355 Macrob.
198 4305 247 4355 1.1.
264 4304 394 4368 evidently
410 4304 473 4355 read
487 4305 561 4356 them
577 4303 606 4354 in
622 4305 668 4356 the
683 4303 759 4356 order
774 4303 805 4355 in
814 4301 900 4355 which
914 4301 976 4365 they
992 4315 1088 4364 appear
1105 4299 1133 4348 in
1150 4313 1198 4348 our
1213 4312 1276 4348 mss.

67 4384 764 4452 SeewhatIsayonthnandsmnarpohnnto.
872 4384 922 4437 tu
939 4379 1277 4446 mpeousdchachas
