2842 4860
645 221 662 286 I

133 387 394 473 quandoquidem
417 384 510 450 factis
533 393 566 449 et
588 385 732 450 moribus
754 385 882 450 aemula
904 386 1029 473 magnis

133 492 283 556 amnibus
305 491 528 570 inveniuntur,
550 498 662 575 aperto
684 513 814 576 corpore
836 490 893 576 qui
915 499 1001 555 sunt.

133 603 207 657 tum
228 617 321 679 porro
343 593 449 658 varios
471 615 580 657 rerum
602 593 763 657 sentimus
786 594 899 658 odores

133 719 192 760 nec
214 705 326 762 tamen
348 697 389 761 ad
412 696 498 760 naris
520 695 684 762 venientis
706 696 869 760 cernimus
890 719 1056 782 umquam,

134 822 193 864 nec
215 801 334 866 calidos
356 809 465 866 aestus
487 800 613 865 tuimur
634 823 694 864 nec
717 800 835 886 frigora
857 800 988 885 quimus
1194 817 1258 882 300

133 925 288 1012 usurpare
310 903 411 968 oculis
432 926 492 967 nec
515 925 608 967 voces
632 925 762 967 cernere
786 924 934 978 suemus;
1048 941 1117 1012 Μ,

132 1028 216 1090 quae
237 1015 349 1071 tamen
371 1006 480 1069 omnia
501 1027 651 1090 corporea
672 1014 817 1070 constare
838 1013 998 1071 necessest

133 1117 258 1188 natura,
281 1110 435 1194 quoniam
459 1130 570 1173 sensus
592 1107 746 1192 inpellere
768 1117 912 1192 possunt.

133 1220 265 1298 tangere
288 1212 375 1277 enim
398 1221 432 1277 et
453 1210 553 1296 tangi,
575 1211 638 1274 nisi
660 1232 782 1295 corpus
805 1211 895 1275 nulla
916 1220 1024 1296 petest
1046 1234 1104 1277 res.

135 1315 274 1403 denique
297 1316 478 1401 fluctifrago
502 1336 674 1400 suspensae
697 1315 732 1378 in
754 1315 848 1380 litore
869 1325 976 1382 vestes

135 1423 301 1498 uvescii'nt,
324 1420 456 1486 eaedem
479 1417 654 1505 dispansae
673 1418 708 1484 in
731 1421 800 1485 sole
820 1423 994 1487 senescunt.
1098 1433 1117 1467 ÷

135 1532 170 1587 at
191 1547 297 1610 neque
319 1546 384 1608 quo
406 1532 501 1609 pacto
524 1523 703 1608 persederit
724 1546 818 1587 umor
838 1525 935 1609 aquai

135 1627 272 1692 visumst
293 1651 354 1693 nec
375 1651 504 1693 rursum
526 1651 590 1714 quo
614 1637 708 1713 pacto
730 1629 851 1714 fugerit
872 1639 974 1696 aestu.

136 1731 171 1795 in
192 1755 309 1817 parvas
330 1732 432 1818 igitur
453 1732 555 1817 partis
578 1732 776 1818 dispergitur
797 1756 891 1798 umor

134 1858 215 1921 quas
238 1838 322 1901 oculi
343 1837 436 1900 null'a
448 1846 591 1923 possunt
613 1838 737 1902 ratione
759 1838 877 1903 videre.

136 1941 215 2024 quin
237 1941 337 2005 etiam
360 1941 474 2006 multis
496 1942 571 2006 selis
593 1942 808 2008 redeuntibus
829 1943 923 2008 anuis

136 2044 251 2108 anulus
274 2044 309 2108 in
331 2044 434 2130 digito
457 2045 569 2108 subter
590 2053 749 2110 tenuatur
769 2046 927 2124 habendo,

136 2148 266 2213 stilicidi
288 2171 380 2214 casus
402 2149 544 2234 lapidem
566 2158 668 2227 cavat,
691 2173 794 2214 uncus
816 2152 914 2215 aratri

136 2253 257 2317 ferreus
280 2253 403 2317 occulte
426 2252 582 2317 decrescit
603 2275 715 2317 vomer
736 2254 771 2317 in
793 2254 887 2334 arvis,

136 2364 302 2442 strataque
323 2357 389 2420 iam
411 2347 499 2442 volgi
519 2357 659 2442 pedibus
682 2358 804 2423 detrita
826 2359 953 2423 viarum

137 2479 232 2525 saxea
254 2461 488 2544 conspicimus;
517 2469 590 2525 tum
611 2471 723 2547 portas
742 2471 874 2553 propter
895 2461 978 2529 aena

137 2563 229 2648 signa
251 2586 367 2628 manus
389 2564 518 2629 dextras
541 2565 720 2630 ostendunt
743 2566 915 2632 adtenuari

138 2689 232 2752 saepe
256 2668 458 2732 salutantum
479 2675 572 2732 tactu
595 2677 789 2753 praeterque
812 2678 991 2735 meantum.

137 2771 216 2835 haec
237 2771 340 2859 igitur
360 2771 475 2848 minui,
498 2795 573 2837 cum
595 2773 661 2838 sint
684 2773 812 2850 detrita,
835 2774 992 2840 videmus.

138 2875 193 2939 sed
215 2897 298 2960 quae
320 2898 452 2961 corpora
472 2876 631 2943 decedant
653 2879 857 2964 intempore
879 2902 1018 2965 quoque,

139 2978 250 3067 invida
270 2980 447 3064 praeclusit
467 2980 609 3066 speciem
631 2990 751 3046 natura
772 2982 913 3048 videndi.

137 3089 299 3167 postremo
321 3075 545 3169 quaecumque
568 3083 637 3148 dies
658 3093 840 3170 naturaque
861 3086 959 3150 rebus

138 3186 296 3270 paulatim
318 3186 443 3264 tribuit,
466 3187 660 3253 moderatim
682 3211 823 3254 crescere
845 3211 973 3275 cogens,

139 3291 228 3356 nulla
249 3299 359 3377 potest
380 3292 546 3356 oculorum
568 3293 652 3358 acies
675 3282 829 3358 eontenta
851 3293 956 3374 tueri;

139 3416 197 3458 nec
218 3417 311 3480 porro
333 3417 557 3480 quaecumque
579 3419 659 3461 aevo
681 3397 850 3483 macieque
873 3404 1055 3473 senescunt,

138 3519 205 3575 nec,
227 3521 315 3563 mare
337 3521 421 3594 (ΜΘ
442 3499 631 3584 inpendent,
655 3522 748 3564 vesco
771 3501 837 3564 sale
859 3503 936 3588 saara
956 3522 1070 3585 peresa

137 3600 215 3686 quid
236 3623 364 3687 quoque
386 3602 542 3668 amittant
562 3603 598 3667 in
619 3612 765 3688 tempore
786 3626 915 3668 eernere
936 3603 1044 3688 possis.

140 3705 323 3789 corporibus
346 3706 448 3770 caecis
471 3706 571 3792 igitur
592 3702 717 3794 natura
731 3707 817 3792 gerit
839 3730 898 3771 res.

183 3809 255 3873 Nec
276 3817 387 3874 tamen
409 3810 554 3894 undique
576 3832 727 3895 corporea
748 3810 870 3895 stipata
891 3819 1047 3875 tenentur

140 3912 249 3976 omnia
271 3908 390 3977 natura
400 3936 408 3992 ;
437 3936 579 3998 namque
602 3921 651 3977 est
673 3913 708 3977 in
730 3913 826 3979 rebus
848 3913 955 3980 inane.
1200 3933 1264 3999 330

102 4051 151 4100 1104
168 4057 200 4101 et.
214 4057 260 4100 cut
271 4048 371 4098 Gellius
382 4062 399 4097 v
411 4049 441 4098 15
453 4067 459 4098 ε
476 4047 523 4097 but
535 4048 571 4098 all
582 4063 645 4098 mss.
658 4047 710 4098 and
723 4049 820 4100 Seneca
831 4048 940 4099 Tertull.
952 4049 1054 4099 Nonius
1065 4050 1131 4099 have
1140 4058 1171 4101 et.

102 4134 168 4182 313:
193 4130 286 4182 Isidor.
308 4131 377 4191 Orig.
398 4146 432 4180 xx
452 4132 483 4179 14
502 4132 515 4178 1
534 4131 709 4182 ‘Vomer...de
726 4147 778 4193 quc
797 4132 934 4181 Lucretius
955 4135 1037 4182 Uncus
1056 4135 1140 4182 aratri
1157 4135 1264 4183 Ferreus

69 4217 148 4266 :culto
164 4215 283 4264 decrescit
294 4228 376 4262 vomer
386 4214 415 4261 iu
426 4215 495 4261 arvis
509 4212 645 4274 Sumitque
655 4227 702 4276 per
713 4213 870 4262 detrimenta
881 4213 1023 4274 fulgorem’
1035 4213 1092 4278 (not
1106 4213 1233 4263 ‘nitorem
1238 4214 1263 4278 ’1.

69 4297 112 4346 tis
123 4295 176 4346 cdd
186 4295 208 4344 il
223 4294 268 4344 the
279 4294 331 4342 last
342 4293 425 4342 words
439 4308 483 4343 are
498 4293 620 4344 Isidore’s
635 4308 707 4343 own:
725 4293 749 4342 is
766 4310 782 4344 a
797 4295 851 4343 line
866 4296 895 4344 of
909 4295 963 4343 this
979 4294 1043 4344 kind
1058 4296 1118 4352 lost,
1134 4297 1264 4359 Sensitque

69 4393 105 4440 rue
127 4392 201 4426 auum
219 4391 266 4439 per
288 4376 439 4424 detrimenta
460 4376 585 4424 nitorem?
684 4376 731 4424 321
760 4378 872 4437 speciem.
897 4379 1008 4438 spatium
1029 4375 1126 4426 naen:
1154 4377 1201 4426 but
1224 4393 1265 4428 see

141 4494 178 4542 n.
1162 4479 1188 4540 1
