2842 4860
650 231 686 293 Π

152 393 232 477 quin
254 393 354 457 etiam
376 393 494 478 passim
518 395 637 459 nostris
659 396 694 460 in
716 397 862 461 versibus
885 398 964 483 ipsis

67 548 71 557 ,
151 496 256 559 multa
277 496 440 560 elementa
461 496 552 560 vides
574 498 686 562 multis
709 500 893 564 communia
915 500 1030 578 verbis,

152 623 225 664 cum
248 609 357 665 tamen
381 601 467 665 inter
489 624 522 666 se
544 624 655 667 versus
676 626 714 668 ac
736 605 834 669 verba
856 627 984 670 necesse
1007 617 1058 672 est
1206 610 1272 689 690

151 704 322 799 confiteare
345 704 410 767 alia
431 726 471 768 ex
493 704 566 769 aliis
588 714 732 770 constare
755 707 945 784 elementis;

149 829 212 871 non
235 830 298 892 quo
321 809 426 873 multa
447 831 562 893 parum
585 811 764 875 communis
786 812 897 877 littera
919 822 1028 877 currat

150 922 208 975 aut
228 912 320 977 nulla
342 912 427 976 inter
449 935 483 977 se
505 913 569 977 duo
592 914 658 979 sint
680 937 721 979 ex
743 915 893 980 omnibus
915 916 1027 994 isdem,

150 1015 206 1078 sed
228 1015 391 1099 quianon
413 1017 507 1100 volgo
530 1017 619 1100 paria
641 1018 790 1084 omnibus
813 1019 922 1084 omnia
943 1029 1099 1086 constant,

151 1119 196 1182 sic
218 1119 289 1182 aliis
311 1118 345 1181 in
368 1119 464 1183 rebus
485 1119 567 1184 item
589 1122 773 1185 communia
795 1123 901 1187 multa
1205 1114 1283 1206 695¹

150 1223 326 1286 multarum
350 1245 458 1287 rerum
481 1245 555 1288 cum
578 1224 644 1288 sint
665 1225 848 1308 primordia,
870 1248 984 1290 verum

150 1325 298 1389 dissimili
319 1333 431 1389 tamen
452 1326 539 1390 inter
560 1348 594 1390 se
617 1327 789 1392 consistere
812 1351 939 1392 summa

149 1439 303 1514 possunt3
335 1440 373 1495 ut
396 1431 511 1495 merito
535 1453 575 1495 ex
598 1431 669 1495 aliis
691 1441 837 1498 constare
859 1434 981 1497 feratur

150 1532 330 1597 humanum
352 1556 464 1618 genus,
477 1541 510 1598 et
532 1533 641 1620 fruges
664 1534 862 1620 arbustaque
885 1537 979 1600 laeta.

193 1638 265 1702 Nec
286 1646 397 1702 tamen
419 1637 613 1702 omnimodis
635 1640 761 1703 conecti
783 1662 875 1724 posse
897 1641 1080 1726 putandum
1106 1649 1155 1705 est
1204 1658 1269 1725 700

149 1741 276 1818 omnia:
309 1763 385 1805 nam
407 1742 501 1826 volgo
521 1741 593 1804 fieri
615 1751 768 1825 portenta
789 1743 924 1818 videres,

148 1845 312 1908 semiferas
334 1844 503 1908 hominum
526 1844 647 1928 species
670 1846 807 1910 existere
830 1855 863 1912 et
885 1847 968 1911 altos

148 1948 312 2012 interdum
334 1970 440 2012 ramos
462 1948 571 2032 egigni
593 1971 723 2041 corpore
746 1949 828 2026 vivo

79 2048 81 2050 ’
149 2052 316 2136 multaque
339 2050 463 2115 conecti
485 2051 651 2116 terrestria
673 2053 818 2117 membra
840 2052 981 2128 marinis,

148 2163 220 2217 tum
242 2154 406 2217 flammam
429 2163 533 2218 taetro
556 2155 708 2240 spirantis
731 2178 784 2220 ore
808 2156 997 2222 Chimaeras
1203 2172 1263 2240 705

148 2278 277 2340 pascere
299 2265 450 2321 naturam
472 2278 531 2341 per
552 2266 653 2322 terras
675 2257 916 2342 omniparentis.

148 2384 285 2446 quorum
307 2362 354 2424 nil
376 2362 446 2426 fieri
469 2363 678 2426 manifestum
701 2372 760 2443 est,
784 2364 894 2428 omnia
915 2364 1045 2450 quando

147 2467 324 2531 seminibus
346 2467 441 2531 certis
463 2475 551 2531 certa
572 2467 736 2553 genetrice
758 2477 867 2533 ereata

147 2594 332 2636 conservare
354 2595 457 2658 genus
479 2573 656 2636 crescentia
677 2595 770 2658 posse
792 2573 948 2638 videmus

147 2675 268 2739 scilicet
290 2675 324 2739 id
346 2683 434 2739 certa
455 2675 526 2739 fieri
547 2675 672 2739 ratione
696 2684 867 2741 necessust.
1202 2693 1266 2760 710

147 2801 222 2841 nam
246 2800 304 2842 sua
326 2778 442 2862 cuique
465 2777 544 2842 cibis
567 2800 606 2841 ex
629 2778 779 2842 omnibus
802 2779 891 2843 intus
913 2780 949 2842 in
970 2787 1060 2843 artus
1107 2765 1110 2772 ’

147 2903 277 2966 corpora
299 2881 468 2956 discedunt
490 2902 676 2966 conexaque
698 2869 921 2946 convenientis

147 2985 291 3050 efficiunt
314 2993 439 3066 motus:
469 2992 504 3049 at
526 2995 638 3049 contra
659 2985 766 3049 aliena
788 2986 936 3050 videmus

146 3089 264 3152 reicere
287 3088 322 3152 in
344 3097 445 3152 terras
468 3097 628 3166 naturam,
651 3089 818 3173 multaque
841 3090 942 3154 caecis

146 3191 330 3276 corporibus
352 3191 484 3276 fugiunt
505 3213 522 3254 e
546 3213 676 3276 corpore
699 3191 823 3276 percita
844 3193 956 3277 plagis,
1201 3207 1261 3276 715

100 3280 103 3286 ⁵
146 3317 228 3380 quae
250 3317 356 3380 neque
378 3295 502 3358 conecti
525 3317 688 3380 quoquam
709 3302 843 3380 potuere
866 3317 972 3380 neque
995 3295 1085 3359 intus
1130 3363 1134 3368 ,

144 3400 254 3463 vitalis
277 3408 384 3463 motus
406 3400 586 3463 consentire
608 3408 706 3484 atque
728 3399 858 3464 imitari.

145 3504 201 3568 sed
223 3527 264 3568 ne
286 3505 368 3568 forte
390 3513 486 3590 putes
508 3503 662 3568 animalia
684 3505 751 3568 sola
773 3505 878 3568 teneri

54 3721 84 3771 it.
187 3719 234 3769 693
251 3720 329 3767 isdem
348 3717 441 3767 Lamb.
455 3718 496 3767 for
510 3720 589 3767 idem:
608 3717 691 3778 ‘quod
708 3707 748 3767 est
766 3732 829 3767 sane
848 3716 1078 3779 simplicissimum,
1099 3717 1144 3765 sed
1163 3716 1265 3766 videtur

54 3803 192 3852 abhorrere
204 3801 236 3849 ab
248 3815 298 3848 usu
309 3799 438 3849 Lucretii'
450 3814 509 3861 says
525 3799 606 3848 Lach.
622 3799 679 3848 who
699 3799 774 3848 reads
794 3797 948 3860 awkwardly
964 3800 1032 3847 nulli
1050 3798 1090 3846 sor
1109 3801 1189 3858 nullu,
1212 3799 1266 3848 and

52 3887 128 3934 idem.
164 3884 217 3932 But
234 3883 295 3932 here
313 3882 366 3932 and
379 3898 395 3930 v
410 3884 458 3934 349
476 3884 553 3931 Lucr.
572 3881 789 3944 unquestionably
807 3880 870 3929 used
887 3882 973 3940 isdem,
991 3894 1020 3928 as
1037 3879 1082 3928 did
1097 3880 1140 3929 his
1152 3884 1264 3930 contem·

52 3965 176 4029 poraries.
290 3966 337 4016 694
360 3972 476 4014 constant
501 3965 551 4014 Ed.
575 3964 639 4013 with
661 3965 683 4012 B
709 3965 778 4014 Nico.
796 3964 835 4029 (t),
865 3962 954 4013 Camb.
983 3963 1054 4012 Mon.
1079 3963 1171 4011 Lamb.
1193 3963 1261 4024 vulg.

52 4054 165 4097 constent
177 4045 257 4095 Laoh.
267 4045 331 4094 with
341 4046 365 4094 A
376 4061 440 4096 corr.
451 4060 457 4094 ι
475 4061 517 4095 see
528 4047 583 4095 337.
686 4046 733 4096 696
746 4046 786 4093 for
799 4060 882 4094 rerum
895 4045 926 4094 ‘t
941 4058 1030 4092 verum
1043 4045 1066 4092 G
1076 4044 1117 4092 V!
1128 4043 1157 4092 in
1169 4044 1265 4094 Isaac’s

51 4143 100 4179 ms,
123 4132 213 4178 notes:
239 4127 291 4177 and
310 4128 395 4177 before
414 4127 471 4176 him
489 4129 580 4185 Pont.;
598 4127 652 4177 and
671 4143 699 4176 so
719 4127 814 4178 Lech:
831 4130 874 4190 yet
894 4129 965 4188 longe
985 4127 1014 4175 of
1031 4126 1100 4174 Flor.
1121 4127 1153 4174 31
1174 4125 1264 4175 Camb.

51 4210 117 4262 Mar.
132 4225 194 4272 may
204 4210 236 4260 be
249 4209 327 4272 right,
346 4225 376 4259 as
393 4210 438 4258 the
454 4209 535 4260 scribe
554 4209 639 4271 might
656 4210 713 4259 well
730 4211 801 4258 write
815 4212 959 4273 primordio
976 4224 1059 4258 rerum
1077 4207 1265 4270 mechanioally

50 4292 119 4341 from
138 4290 184 4341 the
202 4305 272 4340 mere
294 4291 347 4339 fact
369 4290 398 4339 of
418 4290 491 4340 these
513 4290 596 4340 words
620 4306 648 4340 so
672 4291 744 4340 often
767 4290 870 4352 coming
892 4289 1016 4351 together.
1123 4289 1170 4339 716
1195 4291 1264 4338 intra

50 4372 130 4423 Irauh
151 4372 192 4422 for
210 4373 269 4420 inte.
305 4373 373 4420 inter
392 4371 414 4418 B
434 4386 496 4421 corr.
522 4372 611 4421 Camb·
646 4374 716 4420 intro
735 4372 822 4420 Nica:
845 4373 984 4420 consentire
1001 4369 1025 4418 is
1042 4368 1103 4418 here
1120 4367 1264 4418 transitivo.
