2842 4860
656 226 673 289 Ι

144 388 280 452 flumina
302 389 535 473 suppeditant?
565 388 652 452 unde
675 388 788 453 aether
810 388 917 453 sidera
938 388 1065 473 pascit?

145 493 255 557 omnia
277 493 364 557 enim
387 492 494 570 debet,
518 493 649 557 mortali
671 514 801 577 corpore
824 514 908 576 quae
931 501 1017 570 sunt,

144 593 272 658 infinita
293 602 384 659 aetas
405 617 596 689 consumpse
617 600 768 657 anteacta
790 592 930 677 diesque.

144 697 231 782 quod
252 697 280 762 si
301 697 336 761 in
359 720 397 762 eo
420 698 524 782 spatio
546 706 644 783 atque
667 705 821 761 anteacta
842 703 952 760 aetate
973 695 1065 761 fuere

146 824 164 866 e
186 801 303 886 quibus
325 801 406 867 haec
428 824 536 867 rerum
558 801 705 865 consistit
729 823 856 865 summa
877 801 1006 879 refecta,

146 905 312 971 inmortali
333 914 411 971 sunt
432 915 551 973 natura
569 904 722 991 praedita
741 913 839 982 certe,

145 1007 226 1071 haut
247 1008 348 1095 igitur
368 1016 502 1093 possunt
524 1008 565 1072 ad
587 1008 692 1073 nilum
713 1030 861 1093 quaeque
884 1007 1012 1073 reverti.

146 1111 286 1198 denique
308 1136 359 1179 res
382 1115 485 1179 omnis
507 1113 622 1178 eadem
643 1113 693 1178 ris
715 1134 877 1197 causaque
899 1111 994 1198 volgo

146 1216 324 1294 conficeret,
346 1217 410 1280 nisi
432 1215 583 1280 materies
605 1224 738 1279 aeterna
759 1223 897 1292 teneret,

146 1321 231 1386 inter
253 1343 287 1385 se
310 1344 397 1386 nexu
419 1321 527 1385 minus
549 1329 607 1384 aut
629 1320 733 1405 magis
755 1319 971 1419 iQta3
1022 1267 1144 1373 blm

146 1430 252 1487 tactus
274 1422 362 1488 enim
384 1423 444 1488 leti
465 1423 544 1488 satis
567 1430 652 1487 esset
674 1443 770 1486 causa
792 1421 947 1507 profecte,

146 1527 274 1611 quippe,
296 1527 355 1591 uhi
376 1526 468 1592 nulla
489 1527 595 1591 forent
618 1534 750 1590 aeterno
773 1547 914 1610 corpore,
938 1546 1075 1608 quorum

145 1637 333 1694 contextum
355 1629 404 1694 vis
426 1629 558 1694 deberet
579 1628 752 1693 dissolvere
774 1650 932 1730 quaeque.
966 1651 1036 1761 pap

145 1741 181 1798 at
201 1756 297 1810 nunc,
319 1733 405 1798 inter
427 1756 461 1798 se
483 1733 560 1818 quia
582 1756 685 1798 nexus
706 1731 939 1817 principiorum

146 1837 316 1902 dissimiles
338 1845 488 1902 constant
510 1847 706 1922 aeternaque
728 1837 880 1902 materies
904 1845 962 1914 est,

145 1941 300 2005 incolumi
322 1949 491 2006 remanent
512 1963 563 2005 res
584 1963 723 2025 corpore,
747 1940 826 2004 dum
849 1940 928 2004 satis
951 1941 1032 2004 acris

147 2045 196 2109 vis
217 2044 313 2109 obeat
334 2067 392 2130 pro
414 2053 545 2109 textura
568 2045 724 2129 cuiusque
746 2052 882 2130 reperta.

145 2149 233 2212 haud
256 2148 356 2234 igitur
377 2148 463 2214 redit
485 2149 526 2213 ad
549 2149 654 2213 nilum
675 2171 726 2214 res
748 2149 825 2227 ulla,
847 2149 904 2213 sed
924 2172 1039 2215 omnes

145 2250 279 2314 discidio
301 2253 438 2316 redeunt
460 2252 495 2314 in
517 2273 649 2336 corpora
670 2251 828 2316 materiai.

144 2363 305 2440 postremo
327 2365 466 2440 pereunt
488 2356 616 2435 imbres,
638 2357 696 2421 ubi
718 2379 771 2422 eos
793 2365 886 2443 pater
908 2355 1021 2420 aether

143 2459 179 2522 in
200 2461 362 2546 gremium
385 2461 496 2526 matris
518 2462 616 2526 terrai
637 2460 870 2547 praecipitavit
882 2484 889 2541 ;

143 2571 180 2628 at
200 2563 324 2629 nitidae
346 2573 485 2650 surgunt
506 2565 615 2650 fruges
636 2565 783 2650 ramique
806 2564 971 2629 virescunt

144 2667 319 2744 arboribus,
341 2675 489 2732 crescunt
510 2668 600 2753 ipsae
622 2667 757 2752 fetuque
778 2675 973 2754 gravantur;

143 2770 220 2834 hinc
241 2769 342 2834 alitur
362 2792 456 2855 porro
477 2780 624 2835 nostrum
646 2793 749 2855 genus
771 2779 871 2855 atque
892 2772 1043 2849 ferarum,

143 2873 220 2938 hinc
241 2874 343 2938 laetas
364 2874 461 2938 urbes
482 2874 591 2960 pueris
613 2873 725 2938 florere
748 2873 895 2938 videmus

144 2976 396 3063 frondiferasque
418 2978 510 3042 novis
532 2977 647 3041 avibus
669 2999 784 3041 canere
806 2976 951 3062 undique
974 2977 1089 3060 silvas;

144 3079 220 3144 hinc
241 3082 343 3145 fessae
364 3080 505 3165 pecudes
526 3081 642 3166 pingui
663 3103 721 3166 per
743 3080 864 3165 pabula
885 3081 972 3145 laeta

144 3206 275 3270 corpora
296 3185 463 3270 deponunt
485 3193 519 3249 et
541 3185 680 3251 candens
703 3186 826 3250 lacteus
849 3207 942 3249 umor

144 3288 298 3354 uberibus
320 3296 432 3377 Q
453 3288 623 3368 distentis;
652 3289 728 3353 hinc
750 3311 834 3352 nova
855 3289 960 3373 proles
1034 3293 1111 3353 fauo

144 3393 279 3458 artubus
301 3393 438 3458 infirmis
460 3402 589 3458 teneras
610 3392 730 3457 lasciva
752 3415 811 3478 per
832 3392 948 3458 herbas
1030 3453 1033 3457 .
1063 3474 1067 3487 Ι

144 3497 230 3563 ludit
252 3498 335 3563 lacte
358 3519 446 3562 mero
468 3505 595 3562 mentes
616 3498 763 3583 perculsa
784 3498 935 3562 novellas.
1026 3498 1055 3551 ,Α
1078 3490 1082 3511 ’
1105 3517 1126 3599 Ἰ

143 3602 231 3668 haud
252 3602 353 3688 igitur
373 3602 504 3688 penitus
525 3613 662 3688 pereunt
684 3624 908 3688 quaecumque
929 3601 1091 3680 videntur,
1119 3616 1122 3626 '

143 3706 272 3791 quando
294 3707 359 3772 alid
382 3729 422 3772 ex
443 3707 507 3772 alio
530 3708 633 3773 reficit
655 3716 773 3771 natura
796 3729 855 3772 nec
876 3707 979 3771 ullam

143 3832 213 3876 rem
234 3811 326 3897 gigni
347 3811 473 3897 patitur
494 3810 559 3876 nisi
580 3819 691 3904 morte
707 3810 822 3876 adiuta
842 3811 957 3906 aliena.

59 4055 174 4119 lnpeuuei
188 4052 268 4103 Lech.
281 4052 334 4103 and
347 4051 397 4104 Ed.
411 4051 490 4104 ined
507 4052 530 4103 1.
605 4059 767 4115 externaque.
796 4049 1038 4114 extentaqueLach.
1104 4051 1265 4112 unaarum

59 4136 199 4190 romanu
214 4135 264 4186 Ed.
281 4135 311 4185 in
326 4135 367 4184 ed.
380 4135 402 4186 1.
500 4135 549 4184 240
563 4149 631 4184 nexu
646 4135 716 4186 Mon.
732 4134 806 4185 Junt.
820 4135 861 4184 for
875 4149 963 4184 necue.
996 4131 1264 4183 Lamb.ed.land2

59 4236 132 4272 uras
145 4221 234 4282 (nexus
245 4217 284 4268 ed.
294 4218 308 4266 1
320 4217 343 4266 is
354 4232 370 4267 a
381 4217 512 4280 misprint)
524 4216 576 4267 and
587 4219 734 4280 indupedita
743 4235 753 4276 ;
771 4216 812 4267 ed.
824 4220 840 4266 3
850 4217 1120 4278 accur...endopedita.

59 4303 102 4356 257
114 4302 213 4366 pimus·
228 4301 288 4351 Iun.
305 4299 482 4364 Philargyrius
500 4303 528 4351 to
547 4300 617 4364 Virg.
640 4315 709 4363 geor.
733 4315 766 4350 111
788 4301 836 4348 124
854 4299 1065 4361 turpissumae
1083 4297 1175 4358 Heyne
1191 4295 1264 4347 there

59 4383 165 4438 reuoca
265 4382 312 4434 263
328 4386 380 4435 alio
391 4383 462 4434 Nice.
480 4383 520 4433 for
535 4386 597 4434 cllo.
696 4383 745 4433 264
766 4385 856 4432 adiuta
874 4381 897 4429 A
912 4395 977 4430 corr.
993 4379 1064 4430 Nice.
1079 4378 1120 4429 for
1132 4379 1231 4429 adiuta.
