2842 4860
434 780 473 854 T.
512 775 746 855 LUORETI
784 778 910 854 oARI

300 1031 389 1115 DE
448 1033 692 1118 RERUM
752 1029 1041 1118 NATURA

507 1348 638 1408 LIBER
674 1347 838 1408 SEXTUS

155 1731 282 1795 Primae
304 1730 483 1817 frugiparos
505 1731 591 1795 fetus
613 1730 803 1795 mortalibus
825 1731 930 1818 aegris

155 1834 342 1899 dididerunt
365 1833 526 1919 quondam
548 1834 710 1919 praeclaro
732 1833 862 1898 nomine
884 1834 1034 1899 Athenae

155 1944 189 2000 et
210 1944 435 2000 recreaverunt
457 1936 559 2001 vitam
582 1937 734 2023 legesque
757 1945 919 2023 rogarunt,

155 2048 189 2106 et
210 2041 333 2126 primae
356 2041 516 2106 dederunt
538 2041 655 2106 solacia
677 2041 784 2105 dulcia
805 2041 901 2117 vitae,

154 2167 228 2208 cum
250 2166 391 2231 genuere
413 2144 519 2208 virum
542 2144 602 2209 tali
623 2168 698 2209 cum
720 2145 814 2210 corde
836 2152 1010 2232 repertum,

155 2250 263 2316 omnia
284 2249 423 2315 veridico
446 2250 503 2335 qui
525 2249 688 2336 quondam
710 2273 750 2314 ex
773 2273 826 2315 ore
848 2250 1010 2336 profudit3

154 2355 246 2420 cuius
268 2362 303 2420 et
325 2354 462 2419 extincti
484 2362 615 2441 propter
637 2354 748 2419 divina
768 2363 897 2441 reperta

154 2458 319 2546 divolgata
340 2467 434 2522 vetus
457 2458 522 2522 iam
544 2458 586 2522 ad
608 2458 734 2522 caelum
756 2457 859 2544 gloria
880 2459 989 2523 fertur.

154 2586 230 2627 nam
252 2586 326 2627 cum
348 2563 432 2628 vidit
453 2564 506 2628 hic
527 2563 570 2628 ad
592 2564 716 2628 victum
738 2587 822 2650 quae
843 2565 972 2652 flagitat
994 2588 1072 2630 usus

154 2667 263 2732 omnia
284 2667 350 2732 iam
372 2667 471 2732 ferme
494 2668 685 2733 mortalibus
708 2690 776 2732 esse
798 2676 913 2754 parata

154 2780 196 2850 et,
218 2796 375 2859 proquam
396 2780 512 2858 posset,
535 2773 833 2838 vitamconsistere
856 2781 972 2852 tutam,

153 2876 275 2941 divitiis
298 2876 444 2941 homines
467 2884 501 2940 et
523 2876 642 2941 honore
664 2884 699 2940 et
720 2877 817 2942 laude
840 2876 983 2963 potentis

120 2972 122 2976 ⁸
153 2981 284 3046 affluere
306 2989 405 3066 atque
427 2980 512 3046 bona
532 2988 705 3067 gnatorum
728 2983 883 3046 excellere
905 2983 1000 3059 fama,

154 3107 212 3150 nec
234 3086 342 3150 minus
365 3107 433 3150 esse
455 3085 543 3150 domi
565 3086 717 3172 cuiquam
740 3094 850 3151 tamen
872 3087 970 3151 anxia
990 3085 1093 3164 corda,

152 3198 251 3277 atque
273 3189 375 3255 animi
396 3189 532 3277 ingratis
554 3189 656 3254 vitam
678 3212 795 3254 vexare
817 3189 885 3255 siae
906 3191 977 3256 cllo
1238 3206 1274 3273 15

154 3317 256 3381 pausa
277 3301 376 3380 atque
399 3293 525 3358 infestis
547 3293 638 3380 cogei
658 3293 781 3358 saevire
804 3293 962 3380 querellis,
1342 3284 1345 3291 ’

100 3465 115 3516 1
126 3465 277 3529 srrlgc'peroc
288 3463 341 3517 AB.
372 3466 512 3529 falciferos
523 3464 546 3513 Δ
557 3478 621 3516 corr.
635 3463 707 3515 Nico.
719 3463 773 3514 and
783 3464 849 3514 later
860 3477 923 3514 mss.
935 3463 989 3514 and
999 3463 1051 3515 eds.
1064 3463 1151 3515 before
1160 3462 1235 3515 Wak.

99 3549 223 3599 taolceie
234 3545 305 3597 Nico.
318 3546 359 3595 lor
369 3548 457 3597 soloci.
565 3548 699 3597 lecticari
713 3547 779 3598 Mar.
792 3546 850 3596 Ald.
863 3546 877 3595 1
890 3546 964 3596 Junt.
976 3546 1016 3595 for
1026 3547 1147 3596 extincte.
1246 3546 1278 3595 10

66 3632 214 3682 mallan
225 3628 295 3679 Nico.
308 3630 348 3679 for
358 3632 521 3680 ceorlalc'lae.
621 3631 651 3679 11
665 3645 791 3694 proquam
798 3637 882 3692 peccel
892 3627 971 3680 Lacu
985 3628 1026 3678 lor
1032 3643 1158 3692 proquam
1166 3636 1277 3692 poscent:

66 3710 188 3774 asimple
203 3711 256 3762 and
270 3709 368 3762 certain
383 3711 565 3762 correctiones
581 3727 597 3762 a
612 3710 784 3762 much-vexed
798 3725 913 3774 passage.
952 3727 1000 3774 per
1015 3726 1080 3775 qaae
1094 3719 1195 3775 possent
1210 3712 1274 3762 Mar.

65 3795 163 3845 Avanc.
196 3792 308 3856 Madvig,
326 3793 445 3845 deceived
464 3794 499 3857 by
514 3794 579 3854 this,
596 3794 760 3858 conjectured
779 3793 807 3843 in
827 3793 992 3847 Hemichsen
1010 3793 1043 3843 de
1059 3793 1124 3856 frag.
1142 3793 1214 3843 Gott.
1230 3809 1279 3857 per

66 3888 131 3938 qaae
144 3882 245 3936 possent
256 3877 312 3924 vita
323 3891 345 3925 c.
359 3882 421 3926 lale.
457 3875 550 3928 Lamb.
563 3876 616 3926 and
630 3875 727 3926 Oreech
738 3874 833 3925 obelise
843 3874 888 3925 the
899 3889 979 3925 verse.
1111 3875 1142 3923 13
1159 3875 1279 3925 excellere

66 3961 133 4010 Mar.
151 3959 208 4012 Ald.
230 3958 243 4006 1
263 3959 337 4008 lunt.
356 3958 397 4007 for
419 3961 530 4009 excolere
550 3959 572 4006 A
589 3958 671 4020 Nica,
692 3959 814 4008 excellere
831 3957 862 4006 B.
905 3959 1023 4007 extollere
1045 3955 1115 4006 Flor.
1136 3956 1166 4005 31
1185 3954 1274 4007 (lamb,

65 4043 143 4093 Pont.
249 4041 281 4089 14
297 4041 374 4090 corde
390 4040 456 4090 Mar.
468 4039 639 4090 Alallunt.
651 4040 692 4090 for
706 4042 786 4090 cordi.
889 4040 921 4090 15
938 4040 1057 4103 querellis
1074 4038 1102 4088 of
1116 4037 1280 4088 mss.has0f

65 4139 157 4177 course
173 4139 247 4175 come
263 4125 331 4174 from
350 4124 380 4176 16
397 4124 450 4175 and
466 4124 516 4174 has
532 4122 688 4187 supplanted
704 4123 750 4174 the
760 4122 844 4173 words
855 4122 883 4174 ol
899 4122 976 4174 Lucr.
987 4122 1045 4174 who
1060 4126 1139 4174 wrote
1153 4125 1208 4173 alae
1222 4125 1278 4173 cllo

65 4210 154 4260 Pauca
173 4216 257 4270 etque.
290 4206 371 4257 Lech.
389 4207 488 4258 retains
507 4208 625 4272 querellis
641 4206 702 4257 here
720 4205 774 4257 end
791 4205 821 4257 in
841 4204 874 4257 16
889 4204 968 4257 reads
984 4207 1276 4271 Paccimqm...periclla

65 4288 239 4354 emethsan,
252 4291 307 4352 cogi
318 4288 420 4348 Lamb„
432 4288 531 4354 rightly
541 4288 582 4340 lor
592 4295 675 4351 coget:
692 4301 842 4340 acommou
850 4300 896 4339 cor
1068 4300 1176 4341 urmes.
1210 4287 1276 4341 Mar.

66 4374 165 4426 Avanc.
184 4372 258 4424 lunt.
276 4373 381 4438 corrupt
401 4372 446 4422 the
464 4386 574 4437 passage
593 4371 701 4436 greatly.
734 4368 856 4423 Lumbi
1164 4368 1211 4433 ab,
1228 4374 1276 4424 etc.
