2842 4860
734 223 791 294 ΙΙΙ

247 416 348 480 usque
371 393 450 458 adeo
474 392 616 458 atritas
639 392 723 456 desit
746 392 835 458 locus
857 400 956 478 atque
979 393 1101 458 animai

247 498 418 582 diffugiant
440 506 549 582 partes
570 518 628 580 per
650 497 758 560 caulas
780 497 921 581 corporis
943 497 1056 560 omnis.
1308 510 1370 577 255

249 601 304 664 sed
327 600 519 686 plerumque
541 600 580 663 fit
602 599 637 661 in
659 621 786 662 summo
808 598 902 684 quasi
924 619 1053 683 corpore
1075 599 1150 662 finis

248 703 411 767 motibus:
440 703 523 766 hanc
546 702 588 766 ob
610 724 679 766 rem
701 701 804 765 vitam
826 701 965 766 retinere
988 703 1143 766 valemus.

294 805 390 869 Nunc
412 829 450 870 ea
471 828 534 890 quo
557 815 651 890 pacto
673 806 759 868 inter
781 827 850 868 sese
872 805 976 869 mixta
998 807 1181 890 quibusque

250 919 379 994 compta
400 910 504 973 modis
525 909 658 994 vigeant
680 909 838 973 rationem
861 909 993 973 reddere
1016 919 1167 974 aventem

250 1013 409 1078 abstrahit
432 1012 572 1077 invitum
594 1012 692 1096 patrii
715 1013 870 1077 sermonis
893 1021 1037 1098 egestas3
1308 1013 1373 1076 260

250 1117 306 1181 sed
328 1125 447 1195 tamen,
471 1125 509 1181 ut
531 1127 651 1202 potero,
674 1117 871 1194 summatim,
893 1118 1064 1202 attingere,
1089 1126 1231 1202 tangam.

249 1222 334 1285 inter
356 1221 443 1285 enim
465 1229 595 1285 cursant
616 1220 791 1304 primordia
812 1220 1043 1304 principiorum

250 1324 392 1388 motibus
414 1324 499 1387 inter
521 1345 564 1400 se,
587 1323 635 1386 nil
658 1331 696 1387 ut
718 1324 877 1387 secernier
897 1345 1001 1387 unum

250 1428 350 1513 possit
372 1451 430 1492 nec
452 1429 556 1513 spatio
579 1428 648 1491 fieri
670 1428 774 1493 divisa
795 1435 947 1512 potestas,

250 1533 306 1596 sed
329 1533 420 1616 quasi
442 1532 566 1597 multae
588 1532 637 1595 vis
660 1532 756 1595 unius
779 1532 917 1616 corporis
940 1538 1061 1596 extant.
1307 1532 1368 1611 265

251 1636 336 1721 quod
359 1658 460 1720 genus
482 1636 516 1698 in
539 1636 651 1720 quovis
673 1635 878 1698 animantum
900 1635 1020 1699 viscere
1042 1634 1136 1720 volgo

251 1745 300 1802 θεῖ
322 1737 398 1801 odor
420 1748 453 1801 et
475 1737 608 1821 quidam
630 1737 715 1800 color
737 1746 772 1801 θῖ
793 1758 895 1821 sapor,
918 1745 952 1800 et
974 1745 1086 1800 tamen
1109 1760 1149 1802 ex
1171 1737 1223 1802 his

250 1841 399 1904 omnibus
421 1849 470 1904 est
493 1863 596 1904 unum
618 1841 798 1925 perfectum
821 1840 959 1925 corporis
982 1863 1131 1924 augmen.

250 1947 295 2010 sic
317 1946 403 2010 calor
424 1954 522 2030 atque
545 1968 599 2010 aer
621 1954 655 2009 et
677 1945 767 2008 venti
789 1967 883 2008 caeca
903 1953 1046 2029 potestas

247 2051 350 2113 mixta
372 2059 482 2113 creant
504 2071 604 2113 unam
626 2057 776 2112 naturam
799 2057 833 2112 et
855 2047 984 2111 mobilis
1005 2047 1065 2111 illa
1304 2065 1371 2132 270

248 2156 305 2232 vis,
328 2154 447 2217 initum
470 2164 577 2218 motus
599 2154 640 2218 ab
663 2177 696 2218 se
719 2176 802 2238 quae
826 2153 943 2217 dividit
966 2153 1046 2229 ollis,

250 2259 383 2322 sensifer
406 2258 491 2321 unde
514 2258 615 2321 oritur
637 2258 778 2342 primum
800 2280 858 2342 per
872 2257 994 2320 viscera
1016 2265 1131 2321 motus.

249 2385 325 2426 nam
348 2363 478 2447 penitus
500 2384 646 2447 prorsum
669 2363 751 2427 latet
773 2363 853 2426 hacc
874 2370 992 2426 natura
1014 2363 1190 2446 subestque

249 2487 309 2528 nec
330 2465 433 2551 magis
455 2465 516 2527 hac
537 2464 622 2528 infra
643 2465 817 2550 quicquam
840 2472 889 2530 est
911 2464 946 2527 in
968 2486 1099 2548 corpore
1121 2472 1230 2527 nostro

249 2578 348 2653 atque
371 2568 480 2631 anima
501 2576 550 2631 θεῖ
572 2568 700 2632 animae
722 2590 872 2653 proporro
894 2568 995 2632 totius
1017 2568 1095 2653 ipsa.
1305 2581 1346 2648 27
1352 2579 1368 2646 5

249 2672 335 2756 quod
357 2694 459 2757 genus
480 2672 516 2735 in
538 2672 655 2737 nostris
678 2673 831 2736 membris
854 2681 888 2737 et
910 2694 1038 2756 corpore
1061 2679 1130 2735 toto

248 2776 352 2839 mixta
373 2775 477 2840 latens
498 2775 600 2839 animi
622 2775 672 2838 vis
694 2783 744 2839 θεῖ
766 2775 958 2860 animaeque
981 2784 1132 2859 potestas,

249 2879 432 2964 corporibus
455 2879 531 2963 quia
553 2878 594 2942 de
616 2879 723 2963 parvis
745 2879 921 2964 paucisque
943 2887 1089 2942 creatast.

248 2983 293 3047 sic
315 2983 377 3046 tibi
398 2981 538 3046 nominis
560 2981 640 3046 haec
662 3004 776 3067 expers
797 2981 846 3046 vis
867 2982 953 3046 facta
975 2981 1111 3046 minutis

248 3087 431 3173 corporibus
453 3087 533 3151 latet
555 3096 654 3173 atque
676 3087 804 3152 animae
827 3087 920 3172 quasi
942 3087 1043 3152 totius
1065 3088 1135 3173 ipsa
1306 3087 1372 3150 280

247 3202 429 3277 proporrost
450 3193 559 3256 anima
581 3201 615 3256 et
637 3192 823 3259 dominatur
844 3214 975 3277 corpore
998 3200 1075 3256 toto

247 3295 405 3360 consimili
426 3295 550 3359 ratione
572 3303 732 3360 necessest
755 3305 871 3361 ventus
894 3304 928 3361 et
951 3319 1006 3360 aer

247 3408 281 3464 et
303 3401 388 3464 calor
409 3400 495 3463 inter
517 3423 550 3464 se
572 3400 703 3484 vigeant
726 3402 902 3464 commixta
923 3423 981 3485 por
1003 3407 1094 3464 artus

247 3503 352 3589 adque
374 3503 446 3566 aliis
467 3502 556 3566 aliud
579 3503 682 3568 subsit
705 3503 808 3588 magis
831 3503 1037 3588 eminentque

163 3719 312 3767 Conseritur
334 3718 439 3777 sanquis
457 3731 505 3778 per
526 3731 610 3774 venas,
633 3718 732 3765 succro
752 3718 842 3764 vivunt
866 3717 965 3774 Omnia,
988 3715 1035 3763 but
1057 3713 1090 3763 he
1112 3713 1262 3763 afterwards
1283 3715 1371 3766 learnt

160 3801 250 3851 better.
348 3800 396 3847 254
412 3805 440 3847 ut
451 3797 533 3847 added
544 3797 579 3861 by
589 3797 681 3848 Lamb.

194 3883 242 3933 257
258 3882 364 3930 retinere
381 3882 491 3929 valemus
504 3880 527 3928 A
541 3895 605 3931 corr.
624 3879 695 3928 Nico.
708 3881 743 3929 ali
760 3880 846 3930 before
859 3878 940 3928 Lach.
955 3883 1025 3928 most
1041 3878 1162 3941 properly
1179 3878 1219 3926 for
1233 3880 1370 3928 retinerem

160 3963 283 4012 valemus:
300 3961 333 4009 he
347 3959 422 4009 reads
437 3960 560 4022 absurdly
571 3959 701 4009 retiucmn'
712 3963 832 4018 cubator,
844 3975 874 4009 as
884 3959 907 4008 if
920 3975 957 4009 we
967 3958 1044 4008 could
1059 3961 1107 4006 not
1118 3958 1149 4006 be
1160 3956 1188 4005 in
1204 3955 1248 4005 life
1258 3956 1371 4006 without

160 4042 237 4105 being
247 4042 276 4091 in
287 4041 387 4091 health:
405 4040 450 4090 the
461 4041 545 4102 origin
556 4041 585 4090 of
594 4040 639 4090 the
649 4041 798 4102 corruption
810 4041 833 4089 is
845 4040 958 4090 obvious.
1059 4039 1108 4088 266
1119 4041 1213 4086 viscere
1223 4038 1256 4086 Β.
1288 4040 1370 4087 virm

159 4124 246 4174 Aand
256 4124 351 4185 clearly
361 4137 411 4171 ms.
423 4122 452 4172 of
460 4121 564 4184 Poggio,
582 4137 612 4171 as
626 4122 696 4172 Nicc.
711 4122 764 4171 and
779 4123 814 4170 all
830 4123 883 4172 late
898 4137 961 4170 mss.
973 4120 1029 4171 and
1043 4120 1114 4182 early
1128 4118 1240 4168 editions
1255 4132 1284 4166 so
1299 4119 1370 4177 read,

159 4220 223 4256 even
234 4205 307 4255 dunt.
319 4205 366 4254 but
382 4206 429 4252 not
440 4203 552 4253 Arana:
573 4203 629 4252 ‘alii
644 4203 750 4252 viscere’
764 4203 844 4253 Mar:
860 4205 904 4265 yet
920 4205 946 4252 to
958 4202 1033 4251 Wak.
1045 4204 1139 4250 viscere
1151 4200 1174 4249 is
1186 4199 1332 4249 ‘sordidum
1343 4205 1371 4251 et

159 4285 307 4348 ineptum’l
406 4285 454 4335 267
464 4286 532 4334 color
543 4284 632 4336 Lamb.
646 4283 825 4347 conj.rightly
836 4284 876 4333 for
887 4285 965 4333 calor.
999 4285 1068 4332 calor
1079 4283 1156 4345 vulgo
1167 4281 1248 4331 Lach.

196 4368 245 4416 284
259 4370 329 4416 aliis.
363 4367 430 4415 alias
441 4365 551 4426 Brieger.
659 4367 707 4413 288
719 4367 809 4415 etenim
820 4365 903 4415 Faber
914 4364 941 4413 in
954 4363 1055 4414 amend.
1069 4363 1123 4413 and
1134 4363 1213 4413 Lech.
1225 4363 1266 4412 for
1277 4365 1369 4416 eriam:
