2842 4860
128 418 166 474 ut
188 410 305 488 videas,
328 411 481 497 quoniam
504 410 707 476 coniunctast
729 433 825 476 causa
847 411 968 486 salutis,

127 515 332 580 coniunctam
354 538 482 601 quoque
506 523 656 580 naturam
679 515 852 580 consistere
875 537 995 580 eorum.

170 619 264 700 Quod
287 629 441 705 superest,
464 621 564 706 siquis
586 642 702 705 corpus
724 619 844 684 sentire
866 619 990 684 refutat

126 729 225 807 atque
247 723 390 787 animam
413 723 515 788 credit
537 723 732 808 permixtam
755 744 885 807 corpore
908 729 977 786 toto

127 827 286 912 suscipere
308 829 396 893 hunc
418 836 543 892 motum
566 850 663 911 quern
686 849 816 891 sensum
838 825 1081 903 nominitamus

127 933 179 996 vel
200 934 388 998 manifestas
410 956 461 998 res
483 941 595 997 contra
616 953 772 1017 verasque
795 939 963 1015 repugnat.

127 1035 206 1119 quid
228 1037 272 1099 sit
294 1037 380 1100 enirn
404 1058 517 1120 corpus
540 1034 660 1099 sentire
683 1033 755 1119 quis
778 1033 901 1096 adferet
923 1055 1088 1117 umquam,

126 1138 154 1202 si
176 1162 240 1202 non
263 1141 332 1225 ipsa
353 1141 461 1224 palam
484 1139 569 1225 quod
591 1162 640 1203 res
664 1138 753 1202 dedit
776 1160 812 1201 ac
836 1137 945 1200 docuit
967 1141 1049 1201 nost
1183 1151 1244 1218 355

127 1248 162 1304 at
185 1243 316 1307 dimissa
338 1244 447 1307 anima
468 1265 582 1328 corpus
604 1249 691 1307 caret
713 1241 857 1326 undique
879 1263 993 1320 sensu3

126 1343 234 1425 perdit
256 1345 344 1408 eninr
367 1345 451 1430 quod
474 1367 540 1407 non
563 1344 728 1428 proprium
749 1342 814 1407 fuit
837 1342 906 1406 eius
929 1342 963 1405 in
986 1364 1083 1422 aevo3

127 1445 295 1531 multaque
318 1454 486 1532 praeterea
507 1445 614 1531 perdit
636 1468 735 1531 quam
757 1446 931 1531 expellitur
953 1454 1034 1510 onte.

172 1549 288 1614 Dicere
312 1573 405 1635 porro
428 1551 533 1614 oculos
557 1551 680 1614 nullam
702 1572 771 1614 rem
794 1571 922 1613 cernere
944 1571 1045 1633 posse,

126 1653 184 1716 sed
205 1676 262 1739 per
284 1677 338 1719 eos
360 1655 507 1719 animum
529 1664 568 1719 ut
589 1655 709 1719 foribus
732 1662 875 1738 spectare
896 1654 1039 1730 reclusio,
1184 1653 1249 1734 360

128 1757 299 1835 difficilest,
323 1766 435 1823 contra
458 1781 531 1822 cum
556 1780 667 1821 sensus
690 1757 777 1821 dicat
799 1779 909 1820 eorum
922 1780 930 1835 ;

126 1882 239 1924 sensus
262 1861 350 1924 enirn
373 1862 474 1925 trahit
496 1869 594 1945 atque
617 1860 701 1925 acies
723 1860 870 1924 detrudit
892 1860 934 1924 ad
957 1859 1042 1945 ipsas
1055 1882 1064 1938 ;

126 1963 249 2048 fulgida
271 1965 458 2050 praesertim
483 1987 557 2028 cum
579 1986 707 2028 cernere
731 1985 826 2047 saepe
848 1962 1028 2047 nequimus

125 2069 251 2133 lumina
273 2069 451 2133 luminibus
474 2069 551 2153 quia
572 2068 664 2132 nobis
687 2066 952 2152 praepediuntur.

125 2174 211 2257 quod
232 2173 353 2236 foribus
372 2195 436 2236 non
456 2173 514 2252 fit,
544 2170 765 2257 nequeenim,
789 2169 866 2255 quia
885 2169 1046 2233 cernimus
1067 2167 1139 2253 ipsi,
1182 2170 1243 2250 365

126 2275 209 2339 ostia
231 2275 412 2360 suscipiunt
434 2275 538 2338 ullum
561 2274 684 2338 reclusa
706 2273 857 2337 laborem.

125 2385 293 2462 praeterea
314 2378 341 2441 si
363 2400 421 2463 pro
443 2377 563 2441 foribus
585 2384 661 2440 sunt
685 2375 809 2439 lumina
831 2383 948 2455 nostra,

126 2482 192 2544 iam
215 2482 317 2566 magis
338 2481 499 2566 exemptis
522 2481 623 2544 oculis
645 2480 762 2544 debere
784 2479 914 2544 videtur

125 2606 254 2648 cernere
277 2606 327 2648 res
350 2584 478 2648 animus
501 2583 638 2647 sublatis
660 2582 809 2667 postibus
830 2582 916 2667 ipsis

169 2685 255 2748 Illud
278 2684 313 2748 in
335 2686 385 2748 his
407 2685 503 2749 rebus
526 2707 731 2770 nequaquam
754 2707 881 2748 sumere
904 2683 1015 2770 possis„
1183 2696 1247 2763 370

124 2789 300 2854 Democriti
323 2789 409 2874 quod
431 2797 541 2853 sancta
564 2790 624 2854 viri
647 2790 811 2854 sententia
831 2789 933 2874 ponit,
1239 2790 1243 2805 '

124 2894 263 2979 corporis
283 2903 384 2978 atque
406 2895 507 2957 animi
530 2895 704 2979 primordia
726 2896 854 2980 singula
876 2894 976 2979 privis

123 2999 272 3083 adposita
294 2997 428 3062 alternis
451 2998 582 3075 variare,
604 3020 642 3062 ac
665 3009 794 3064 nectere
817 2999 971 3062 membra.

123 3125 199 3166 nam
223 3124 297 3165 cum
320 3102 424 3165 multo
447 3112 523 3165 sunt
546 3102 673 3166 animae
697 3102 860 3166 elementa
881 3101 1007 3166 minora

123 3228 220 3291 quam
244 3205 362 3289 quibus
384 3226 402 3268 e
425 3227 538 3290 corpus
560 3206 653 3271 nobis
675 3217 709 3270 et
731 3207 853 3271 viscera
875 3213 1036 3282 constant,
1181 3220 1241 3288 375

123 3318 195 3373 tum
217 3331 351 3373 numero
374 3330 503 3392 quoque
526 3309 707 3373 concedunt
730 3317 764 3373 et
786 3332 858 3373 rara
878 3332 937 3395 per
958 3319 1049 3374 artus

122 3413 235 3477 dissita
257 3420 333 3475 sunt
355 3410 526 3474 dumtaxat
538 3435 546 3490 ;
575 3419 614 3476 ut
634 3411 694 3475 hoc
716 3412 906 3496 promittere
928 3412 1040 3497 possiS,

33 3625 147 3687 repostis.
246 3622 293 3672 347
306 3627 335 3668 ut
346 3619 428 3668 added
439 3619 473 3683 by
484 3621 548 3668 Mar.
562 3619 635 3669 Junt.
733 3619 782 3669 350
798 3621 903 3682 refutat.
936 3617 1140 3680 renutathamb.

33 3706 82 3756 358
95 3705 183 3767 perdit
200 3719 275 3766 quam
291 3704 427 3765 expellitur
442 3709 500 3750 ante
518 3701 567 3750 Ed.
585 3703 626 3750 for
638 3702 769 3764 perditum
784 3703 918 3763 expellitur
934 3716 994 3750 aevo
1012 3717 1102 3764 quom:
1120 3701 1164 3750 the
1179 3717 1203 3751 v.
1220 3701 1243 3750 is

32 3785 143 3851 rejected
158 3786 193 3848 by
210 3784 305 3834 Greech
321 3784 350 3832 in
366 3787 449 3842 notes,
467 3783 520 3833 and
536 3784 614 3832 Bern.
664 3785 805 3845 Multoque.
818 3784 946 3844 Nullaque
962 3782 1042 3832 Lech.
1059 3781 1145 3831 which
1160 3798 1243 3832 seems

32 3868 146 3929 scarcely
161 3870 188 3916 to
205 3865 236 3915 be
251 3865 338 3914 Latin.
372 3865 464 3914 Lamb.
477 3865 618 3914 condemns
634 3865 681 3916 357
697 3863 782 3913 which
799 3864 894 3913 Creech
909 3864 965 3912 well
981 3863 1095 3914 defends.
1194 3865 1241 3914 361

31 3952 175 4013 Difficilem.
213 3946 459 4010 Deciperesthamb.
472 3947 511 3996 ed.
524 3949 539 3995 2
554 3946 607 3995 and
623 3948 646 4004 3,
659 3944 712 3995 Gif.
728 3944 824 3995 Lech:
850 3946 897 3995 but
914 3959 956 3994 see
972 3950 1046 3995 notes
1058 3947 1081 3995 2.
1170 3948 1241 3996 dicat

31 4032 123 4082 Lamh.
139 4032 179 4080 for
194 4033 280 4079 ducat.
379 4031 427 4080 362
442 4030 534 4079 Lamb.
546 4030 645 4092 rejects.
679 4028 758 4078 Lach.
770 4032 831 4090 puts
846 4028 868 4077 it
883 4028 950 4076 after
965 4029 1021 4078 363.
1120 4030 1168 4079 365
1180 4031 1242 4091 quia

30 4113 111 4164 Lech.
124 4114 164 4162 for
176 4130 235 4176 quo.
334 4115 382 4164 372
390 4115 473 4175 privis
485 4113 571 4161 Bentl.
584 4112 624 4160 for
630 4114 736 4175 primic:
755 4114 803 4162 389
811 4114 889 4175 privo
900 4110 924 4159 is
935 4111 963 4159 in
975 4111 1019 4159 the
1030 4125 1093 4159 mss.
1191 4110 1241 4162 374

30 4182 131 4245 animae
147 4198 266 4244 elementa
281 4197 379 4243 minora
395 4194 440 4241 AB
458 4193 541 4242 Nico:
559 4193 613 4242 this
628 4193 641 4240 I
658 4192 723 4241 have
738 4192 864 4242 retained.
897 4193 995 4240 animal
1011 4194 1042 4240 el.
1054 4193 1115 4240 mire.
1127 4191 1196 4241 Flor.
1209 4192 1240 4239 31

30 4277 121 4327 (lamb.
138 4277 202 4325 Mar.
214 4276 272 4325 Ald.
286 4277 299 4324 1
316 4277 390 4325 lunt.
408 4276 498 4337 vulgo;
515 4276 561 4325 but
578 4276 623 4326 000
638 4274 730 4324 00οἰοο
744 4275 768 4324 is
784 4278 831 4325 not
847 4274 978 4325 tolerable.
1011 4276 1132 4323 elemento
1143 4275 1241 4321 minora

30 4361 128 4409 cnlrrcl
140 4357 219 4408 Lech.
340 4358 388 4408 375
401 4372 412 4406 c
424 4357 469 4405 AB
479 4357 570 4406 hamb.
582 4357 621 4406 ed.
634 4359 649 4406 3
661 4356 756 4406 Oreech
766 4357 847 4407 Lech.
859 4355 963 4419 rightly.
997 4362 1022 4404 et
1032 4355 1055 4403 0
1066 4369 1130 4404 corr.
1141 4355 1164 4403 Β
1176 4369 1241 4408 corr.
