2842 4860
748 201 785 265 II

248 367 377 433 reddita
399 366 582 451 corporibus
604 365 718 451 primis
741 365 916 450 perinane
939 365 1144 450 profundum,

247 472 304 537 sed
327 471 430 556 magis
450 469 586 536 adsiduo
608 467 762 554 varioque
784 469 925 533 exercita
945 477 1037 532 motu

248 576 366 662 partim
388 573 568 640 intervallis
590 572 716 658 magnis
739 571 882 637 confulta
903 572 1070 647 resultant,

247 702 320 765 pars
343 680 443 744 etiam
465 678 617 743 brevibus
640 677 752 762 spatiis
773 686 934 740 vexantur
955 677 997 740 ab
1019 676 1096 740 ictu.

249 792 283 848 et
305 806 528 869 quaecumque
550 782 653 866 magis
676 782 836 846 condenso
858 781 1031 846 conciliatu

248 886 376 973 exiguis
397 885 577 950 intervallis
599 893 754 950 convecta
775 885 942 960 resultant,

248 990 442 1075 indupedita
463 989 529 1054 suis
551 990 712 1074 perplexis
733 990 804 1073 ipsa
826 990 946 1074 figuris,

249 1093 329 1158 haec
351 1092 478 1157 validas-
495 1093 565 1157 saxi
587 1093 708 1157 radices
731 1103 765 1158 et
787 1093 856 1158 fera
877 1094 953 1157 ferri

196 1276 201 1287 Ι
250 1218 382 1281 corpora
403 1196 608 1261 constituunt
630 1204 664 1260 et
686 1205 794 1260 cetera
816 1196 854 1260 de
876 1218 992 1280 genere
1015 1195 1129 1259 horum

249 1298 389 1385 paucula
409 1321 492 1385 quae
513 1321 606 1384 porro
629 1321 783 1384 magnum
805 1321 863 1385 per
884 1301 981 1363 inane
1003 1306 1171 1383 vagantur.

251 1409 358 1466 cetera
380 1401 544 1466 dissiliunt
567 1402 659 1486 longe
683 1402 841 1487 longeque
862 1409 1028 1466 recursant

251 1503 285 1568 in
309 1506 436 1592 magnis
456 1505 653 1570 intervallis:
677 1507 755 1570 haec
778 1529 853 1570 aera
874 1529 984 1570 rarum

251 1608 417 1673 sufficiunt
439 1611 532 1674 nobis
554 1618 588 1672 et
610 1610 781 1694 splendida
802 1610 928 1674 lumina
950 1610 1033 1674 solis,

251 1713 420 1798 multaque
433 1721 609 1797 ‘praeterea
630 1736 785 1800 magnum
808 1735 866 1797 per
888 1713 984 1777 inane
1006 1719 1174 1797 vagantur,

252 1816 394 1880 conciliis
416 1838 523 1880 rerum
546 1839 629 1901 quae
652 1824 728 1880 sunt
750 1816 869 1880 reiecta
890 1838 949 1880 nec
971 1837 1108 1900 usquam

252 1918 430 1983 consociare
453 1919 553 1982 etiam
575 1928 683 1983 motus
704 1927 839 2003 potuere
861 1927 998 2003 recepta.

252 2021 352 2099 cuius,
374 2022 425 2087 uti
446 2044 599 2102 memoro,
622 2023 669 2087 rei
692 2023 900 2087 simulacrum
923 2032 957 2086 et
979 2023 1087 2107 imago

251 2132 327 2189 ante
349 2126 457 2190 oeulos
478 2148 605 2210 semper
627 2127 720 2191 nobis
742 2135 888 2190 versatur
909 2136 944 2190 et
966 2127 1075 2190 instat

252 2229 485 2313 contemplator
507 2229 603 2305 enim,
626 2253 700 2294 cum
723 2230 798 2294 solis
819 2231 944 2294 lumina
966 2251 1105 2314 cumque

251 2331 364 2395 inserti
386 2332 528 2396 fundunt
550 2334 632 2397 radii
654 2357 712 2418 per
734 2357 834 2419 opaca
855 2335 1039 2399 domorum:
1064 2344 1076 2366 '

251 2436 356 2500 multa
379 2436 505 2501 minuta
527 2439 630 2503 modis
653 2440 765 2504 multis
785 2463 844 2525 per
865 2440 962 2504 inane
984 2438 1109 2503 videbis

251 2560 384 2623 corpora
404 2540 532 2605 misceri
553 2542 715 2606 radiorum
740 2543 863 2607 lumine
885 2543 921 2606 in
942 2543 1012 2627 ipso

251 2650 287 2707 et
309 2642 399 2707 velut
421 2655 552 2709 aeterno
574 2647 751 2711 certamine
773 2648 896 2733 proelia
917 2668 1047 2732 pugnas

251 2745 346 2810 edere
368 2749 538 2812 turmatim
560 2751 719 2814 certantia
741 2773 800 2814 nec
822 2751 898 2815 dare
920 2773 1065 2835 pausam,

250 2850 393 2916 conciliis
416 2861 450 2916 et
472 2853 615 2919 discidiis
638 2857 779 2920 exercita
801 2856 937 2935 crebris;

251 2955 394 3021 conicere
416 2966 455 3021 ut
475 2959 579 3042 possis
600 2983 641 3024 ex
664 2961 732 3037 hoc,
755 2961 931 3045 primordia
952 2981 1061 3023 rerum

251 3059 346 3142 quale
368 3060 410 3124 sit
432 3061 467 3123 in
489 3085 607 3146 magno
628 3063 741 3126 iactari
764 3086 891 3149 semper
912 3063 1009 3127 inani.

251 3163 422 3228 dumtaxat
443 3187 552 3228 rerum
574 3189 764 3250 magnarum
787 3189 886 3252 parva
906 3175 1015 3253 potest
1037 3188 1088 3230 res

251 3267 436 3352 exemplare
458 3267 534 3332 dare
557 3276 591 3332 et
613 3269 751 3354 vestigia
772 3269 910 3336 notitiai.

201 3446 212 3474 .
251 3369 311 3434 hoc
334 3371 433 3435 etiam
456 3371 558 3455 magis
581 3372 660 3436 haec
683 3373 830 3437 animum
852 3383 887 3438 te
909 3374 1078 3437 advertere
1100 3395 1159 3457 par
1181 3380 1231 3436 est
1311 3386 1369 3454 125

251 3495 381 3557 corpora
403 3496 486 3559 quae
507 3475 542 3538 in
565 3476 640 3540 solis
662 3476 760 3540 radiis
782 3477 913 3541 turbare
935 3476 1096 3551 videntur,

252 3576 339 3660 quod
360 3577 441 3641 tales
463 3578 578 3642 turbae
600 3587 708 3643 motus
731 3602 858 3665 quoque
881 3579 1031 3644 materiai
1175 3627 1190 3658 ,

165 3811 273 3862 Vossius
292 3811 320 3860 in
339 3817 491 3863 manetes.
590 3817 622 3865 98
644 3816 758 3877 coadulta
774 3831 837 3867 mss.
856 3817 908 3866 and
929 3833 958 3866 so
977 3818 1052 3867 Pont.
1073 3817 1169 3866 Avario.
1189 3817 1251 3866 Pius
1271 3817 1372 3878 Nauge-

164 3895 228 3946 rius.
270 3897 385 3944 coaacltc
401 3895 458 3944 Ver.
476 3896 540 3947 Ven.
561 3897 613 3946 Gir.
658 3899 776 3961 conflicta
793 3900 807 3946 2
825 3898 884 3947 Vat.
902 3900 967 3948 Mar.
985 3900 1059 3948 Junt.
1077 3899 1169 3948 Lamb.
1187 3897 1227 3948 ed.
1246 3899 1259 3946 1
1277 3898 1330 3948 and
1348 3898 1371 3959 2,

165 3977 240 4027 Wak.
258 3975 361 4025 Greech.
395 3984 500 4026 contusa
515 3977 608 4026 Lamb.
626 3977 665 4027 ed.
684 3980 708 4027 3.
754 3981 874 4042 conpulsa
891 3979 981 4030 Heins.
1000 3980 1028 4027 in
1045 3995 1095 4029 ms.
1112 3983 1196 4028 notes.

198 4060 230 4110 99
247 4059 360 4108 membra
372 4058 613 4108 Niceforbrevius.
677 4075 682 4087 ·
714 4058 1374 4123 1121111110101111111117061113.(1011111110Ιαί

166 4137 295 4200 Heinsii')
308 4137 384 4186 Pont.
396 4137 493 4187 Avanc.
504 4139 574 4200 vulg·
586 4140 627 4188 for
637 4156 756 4190 memoror
766 4143 812 4192 rei.
902 4142 949 4191 118
963 4143 1063 4205 proelia
1075 4157 1190 4204 pepusa:
1207 4155 1236 4190 so
1256 4155 1283 4189 ιν
1300 4142 1373 4193 1009.

162 4223 264 4286 proelia
280 4235 430 4284 pugnasque
447 4221 537 4270 Camb.
555 4222 625 4272 Nico.
643 4239 707 4275 corr.
727 4225 793 4273 Mar.
810 4225 884 4273 Junt.
902 4226 1025 4288 wrongly.
1141 4224 1188 4273 125
1205 4226 1285 4288 magia
1303 4225 1374 4274 hace.

169 4303 287 4355 ‘Marull
309 4305 400 4354 contra
416 4319 440 4354 v.
458 4304 475 4354 1.
492 4304 637 4369 scripserat,
651 4306 713 4356 tac’
731 4306 797 4357 Gis:
815 4307 879 4358 both
898 4307 955 4358 alu
975 4308 990 4357 1
1008 4307 1061 4357 and
1079 4307 1153 4357 Junt.
1169 4305 1236 4355 have
1253 4321 1323 4366 maye
1339 4308 1374 4355 cd
