2842 4860
742 239 791 304 VI

250 404 435 470 concutitur
456 405 537 471 caeli
559 405 672 472 domus
694 406 837 493 undique
860 415 993 494 totaque
1017 409 1123 488 tellus,

250 516 284 574 et
307 531 380 573 cum
403 517 549 595 tempora
570 533 604 575 se
626 511 704 576 ueris
725 511 873 577 florentia
895 513 1049 599 pandunt.

249 612 365 701 frigore
387 615 475 679 enim
498 614 616 680 desunt
638 615 730 703 ignes
752 617 906 703 ventique
929 618 1031 683 calore
1311 623 1371 702 360

251 715 405 782 deficiunt
427 740 531 803 neque
554 727 630 784 sunt
653 727 721 783 tam
744 720 842 785 denso
865 744 993 807 corpore
1015 722 1125 786 nubes.

250 820 487 908 interutrasque
510 823 611 910 igitur
633 847 706 888 cum
729 824 810 889 caeli
831 834 978 912 tempora
991 834 1157 903 constant,

250 933 322 990 tum
344 925 450 991 variae
473 949 586 991 causae
610 937 802 992 concurrunt
824 928 968 994 fulminis
991 952 1107 995 omnes.

250 1053 326 1094 nam
349 1031 450 1095 fretus
471 1030 540 1116 ipse
562 1031 639 1095 anni
660 1032 831 1118 permiscet
854 1033 954 1119 frigus
976 1041 1005 1099 et
1026 1041 1162 1112 aestum,

251 1159 386 1221 quorum
398 1144 572 1222 utrumque
588 1160 668 1224 opus
682 1146 732 1202 est
748 1138 933 1203 fabricanda
947 1139 989 1203 ad
1004 1139 1140 1202 fulmina
1155 1140 1246 1216 nubi,
1312 1139 1368 1222 365

251 1247 289 1303 ut
312 1239 468 1305 discordia
489 1241 531 1305 sit
552 1263 659 1305 rerum
682 1265 862 1329 magnoque
885 1243 1031 1307 tumultu

251 1343 380 1430 ignibus
403 1351 436 1408 et
458 1344 564 1409 ventis
587 1344 779 1410 furibundus
800 1346 938 1411 fluctuet
960 1369 1023 1412 aer.

252 1449 356 1535 prima
378 1449 489 1514 caloris
512 1449 598 1514 enim
621 1472 694 1536 pars
717 1458 751 1514 et
773 1459 935 1536 postrema
956 1450 1078 1538 rigoris,

251 1561 381 1639 tempus
402 1553 437 1618 id
459 1561 508 1618 est
530 1577 683 1634 vernum;
712 1576 810 1639 quare
833 1578 977 1642 pugnare
1001 1564 1160 1621 necessest

252 1644 416 1723 dissimilis
437 1681 488 1724 res
509 1659 596 1724 inter
617 1682 650 1724 se
674 1659 868 1745 turbareque
891 1659 1016 1724 mixtas.
1312 1679 1374 1744 370

251 1770 287 1826 et
308 1763 393 1827 calor
414 1771 577 1828 extremus
598 1764 702 1849 primo
725 1786 798 1828 cum
821 1764 937 1852 frigore
959 1765 1081 1829 mixtus

251 1867 398 1947 volvitur,
420 1868 571 1932 autumni
593 1869 678 1955 quod
700 1870 802 1933 fertur
823 1870 952 1935 nomine
976 1878 1113 1956 tempus

250 1968 303 2034 hic
326 1992 452 2056 quoque
475 1971 652 2058 confligunt
674 1971 797 2036 hiemes
817 1972 997 2037 aestatibus
1018 1995 1112 2038 acres

250 2082 420 2160 propterea
433 2075 527 2161 freta
549 2084 625 2140 sunt
647 2075 727 2141 haec
749 2076 826 2141 anni
848 2077 1080 2156 nominitanda,
1148 2073 1158 2095 ⁶

251 2200 311 2243 nec
333 2177 492 2256 mirumst,
513 2179 548 2243 in
570 2202 608 2244 eo
630 2180 658 2244 si
680 2188 825 2266 tempore
847 2180 987 2266 plurima
1008 2181 1092 2245 fiunt
1314 2199 1372 2266 375

252 2282 389 2348 fulmina
410 2290 650 2369 tempestasque
673 2283 775 2349 cietur
797 2283 928 2349 turbida
950 2286 1046 2362 caelo,

250 2386 386 2473 ancipiti
408 2386 558 2472 quoniam
580 2387 665 2452 bello
688 2387 839 2453 turbatur
860 2388 1035 2474 utrimque,

250 2490 326 2555 hinc
348 2490 486 2555 flammis
507 2490 597 2555 illinc
619 2491 724 2555 ventis
746 2514 920 2577 umoreque
943 2492 1052 2558 mixto

294 2594 366 2658 Hoc
388 2601 438 2658 est
459 2592 588 2680 igniferi
610 2602 759 2658 naturam
783 2594 926 2659 fulminis
948 2595 1051 2680 ipsam

248 2698 427 2784 perspicere
450 2705 484 2762 et
506 2721 570 2784 qua
592 2698 624 2763 vi
646 2698 743 2764 faciat
765 2722 833 2764 rem
856 2722 1016 2786 quamque
1040 2701 1156 2778 videre,
1310 2707 1374 2784 380

253 2826 318 2867 non
340 2802 506 2890 Tyrrhena
526 2812 612 2869 retro
633 2806 826 2870 volventem?
839 2805 981 2870 carmina
1002 2807 1121 2871 frustra

252 2908 372 2973 indicia
393 2908 537 2973 occultae
560 2909 671 2973 divum
693 2910 877 2995 perquirere
900 2910 1027 2987 mentis,

251 3012 337 3077 unde
360 3014 470 3078 volans
491 3012 577 3100 ignis
598 3012 780 3099 pervenerit
801 3023 860 3079 aut
882 3013 917 3077 in
938 3021 1045 3078 utram
1068 3036 1102 3079 se

251 3117 385 3182 verterit
408 3117 483 3181 hinc
505 3116 633 3203 partim,
655 3140 719 3203 quo
741 3125 836 3203 pacto
858 3140 916 3204 per
937 3118 1007 3182 loca
1028 3126 1141 3205 saepta

250 3221 431 3300 insinuarit,
453 3229 487 3287 et
509 3221 585 3287 hinc
607 3222 791 3287 dominatus
813 3230 851 3287 ut
874 3222 1027 3288 extulerit
1050 3246 1093 3301 se,
1312 3230 1373 3310 385

252 3325 370 3413 quidve
392 3348 505 3390 nocere
528 3334 627 3411 queat
650 3325 689 3391 de
712 3327 799 3391 caelo
820 3326 964 3391 fulminis
986 3327 1077 3392 ictus,

163 3512 227 3560 ulta.
343 3507 999 3560 3598311313Ηο1.31631111).Μ31.θῒο.1οτεενὶ.1.
1033 3510 1095 3558 seris
1108 3507 1192 3574 (veris)
1203 3507 1263 3558 Ver.
1275 3509 1342 3560 Ven.

196 3593 245 3643 360
256 3593 339 3643 calore
351 3591 416 3640 Mar.
428 3605 469 3654 ap.
481 3589 669 3641 Victor.ined.
682 3591 747 3640 Ven.
759 3588 930 3639 Alleunt.
943 3590 982 3639 for
994 3592 1096 3640 calores.
1170 3578 1177 3588 ’
1215 3591 1373 3643 3621111313-

165 3684 271 3738 trurqroe.
305 3676 482 3737 [nummoque
499 3673 579 3724 Lach.
710 3674 758 3724 364
776 3682 801 3723 et
817 3673 900 3724 added
917 3672 1028 3736 byMar.
1046 3673 1119 3721 Junt.
1148 3674 1264 3735 sripidus
1278 3683 1375 3726 aestum

164 3757 234 3807 Nico.
252 3760 280 3807 to
296 3756 393 3807 Avanc.
426 3759 461 3807 ad
477 3763 572 3807 aestum
583 3757 692 3807 Nonius.
824 3758 872 3806 365
883 3758 945 3806 nubi
956 3754 1037 3804 Lach.
1050 3755 1090 3803 for
1100 3757 1171 3805 rubia
1182 3754 1268 3805 which
1279 3755 1330 3807 has
1340 3772 1374 3808 no

164 3852 247 3889 sense.
372 3839 421 3888 366
432 3842 466 3889 sit
477 3837 560 3888 added
571 3839 605 3901 by
616 3840 680 3888 Mar.
692 3838 863 3889 Alleunt.
896 3840 933 3887 ric
944 3837 1013 3886 Flor.
1025 3838 1056 3885 31
1069 3836 1158 3886 Oamb.
1280 3839 1331 3890 368
1342 3848 1373 3899 et,

163 3925 256 3985 sicoris
267 3923 333 3972 Mar.
345 3922 418 3971 Junt.
431 3922 500 3984 vulg.
512 3921 607 3981 forest,
620 3924 715 3984 liperis.
749 3921 828 3971 Lach.
841 3921 920 3985 keeps
931 3928 975 3982 est,
988 3919 1041 3969 and
1052 3920 1092 3968 for
1103 3921 1131 3969 id
1142 3919 1217 3969 reads
1228 3929 1266 3970 ut.

197 4006 245 4058 370
261 4021 299 4055 res
315 4006 382 4054 iuter
398 4019 422 4053 re
439 4003 508 4053 Flor.
526 4004 557 4052 31
570 4003 660 4053 Gamb.
678 4003 764 4053 3Vat.
776 4003 816 4053 for
832 4005 900 4052 inter
915 4018 948 4051 sc.
982 4004 1051 4050 iuter
1067 4017 1092 4050 rc
1108 4016 1147 4050 rer
1158 4001 1215 4051 Ver.
1229 4001 1295 4052 Ven.
1308 4003 1374 4054 Mar.

164 4088 232 4150 vulg.
244 4087 324 4137 Lach.
337 4088 458 4150 wrongly‚
472 4101 502 4137 as
513 4089 580 4137 inter
594 4103 619 4137 se
634 4087 657 4136 is
668 4087 812 4149 metrically
824 4101 872 4135 one
883 4083 964 4151 word..
1091 4084 1139 4135 374
1152 4086 1223 4147 fretu
1240 4084 1325 4135 added
1340 4085 1375 4149 by

164 4169 244 4220 Lach.
256 4172 326 4219 most
337 4169 447 4232 acutely.
480 4169 549 4218 Flor.
562 4170 592 4218 31
605 4168 694 4218 (lamb.
707 4169 772 4217 Mar.
784 4168 852 4229 vulg.
864 4165 916 4217 add
928 4167 993 4215 bellu
1004 4164 1071 4214 after
1083 4166 1151 4214 haec.
1251 4167 1301 4217 375
1313 4183 1342 4217 eo
1350 4168 1375 4217 sl

164 4250 499 4302 Bcorr.11amb.foreos.
532 4253 555 4300 ai
572 4254 687 4301 ineosic
703 4251 791 4300 (lamb.
804 4251 870 4299 Mar.
904 4252 1068 4298 riineotum
1078 4247 1174 4297 Avanc.
1208 4250 1376 4301 uincula*

165 4333 241 4384 Pont.
253 4334 326 4384 Junt.
442 4333 489 4384 376
500 4335 582 4382 cietur
594 4335 695 4382 turbido
705 4332 727 4380 B
739 4347 803 4381 corr.
815 4331 885 4380 Flor.
898 4332 929 4379 31
942 4328 1032 4379 (lamb.
1044 4328 1115 4377 Brix.
1128 4328 1168 4377 for
1179 4330 1217 4377 cic
1230 4330 1342 4381 turbida.
1364 4352 1368 4359 ·

197 4419 245 4468 382
256 4419 344 4468 mentis
355 4416 424 4468 Flor.
436 4417 467 4467 31
480 4416 568 4467 Gamb.
580 4417 596 4467 3
608 4416 666 4466 Vat.
679 4417 743 4466 Mar.
755 4415 890 4466 formenti.
968 4413 1016 4462 384
1028 4414 1086 4462 hinc
1099 4411 1164 4462 Mar.
1176 4410 1258 4462 Luch.
1270 4411 1313 4462 for
1322 4412 1356 4463 33
