<?xml version="1.0" encoding="UTF-8"?>
<!DOCTYPE html PUBLIC "-//W3C//DTD XHTML 1.0 Transitional//EN"
    "http://www.w3.org/TR/xhtml1/DTD/xhtml1-transitional.dtd">
<html xmlns="http://www.w3.org/1999/xhtml" xml:lang="en" lang="en">
 <head>
  <title>
</title>
<meta http-equiv="Content-Type" content="text/html;charset=utf-8" />
  <meta name='ocr-system' content='tesseract 3.04.00' />
  <meta name='ocr-capabilities' content='ocr_page ocr_carea ocr_par ocr_line ocrx_word'/>
</head>
<body>
  <div class='ocr_page' id='page_1' title='image "./tlucreticarider01munrgoog_0278.png"; bbox 0 0 2842 4860; ppageno 0'>
   <div class='ocr_carea' id='block_1_1' title="bbox 609 262 730 362">
    <p class='ocr_par' dir='ltr' id='par_1_1' title="bbox 609 262 730 362">
     <span class='ocr_line' id='line_1_1' title="bbox 609 262 730 362; baseline 0 -36"><span class='ocrx_word' id='word_1_1' title='bbox 609 262 730 362; x_wconf 80' lang='lat' dir='ltr'>¹vi</span> 
     </span>
    </p>
   </div>
   <div class='ocr_carea' id='block_1_2' title="bbox 188 422 1306 3642">
    <p class='ocr_par' dir='ltr' id='par_1_2' title="bbox 188 422 965 510">
     <span class='ocr_line' id='line_1_2' title="bbox 188 422 965 510; baseline -0.001 -20"><span class='ocrx_word' id='word_1_2' title='bbox 188 426 293 491; x_wconf 91' lang='lat' dir='ltr'>multa</span> <span class='ocrx_word' id='word_1_3' title='bbox 314 427 419 491; x_wconf 91' lang='lat' dir='ltr'>forent</span> <span class='ocrx_word' id='word_1_4' title='bbox 441 425 553 490; x_wconf 86' lang='lat' dir='ltr'>multis</span> <span class='ocrx_word' id='word_1_5' title='bbox 575 422 726 510; x_wconf 87' lang='lat' dir='ltr'>exempto</span> <span class='ocrx_word' id='word_1_6' title='bbox 748 424 860 489; x_wconf 88' lang='lat' dir='ltr'>nubila</span> <span class='ocrx_word' id='word_1_7' title='bbox 882 424 965 504; x_wconf 82' lang='lat' dir='ltr'>sole3</span> 
     </span>
    </p>

    <p class='ocr_par' dir='ltr' id='par_1_3' title="bbox 189 529 1090 805">
     <span class='ocr_line' id='line_1_3' title="bbox 189 529 1032 618; baseline 0 -23"><span class='ocrx_word' id='word_1_8' title='bbox 189 554 248 596; x_wconf 89' lang='lat' dir='ltr'>uec</span> <span class='ocrx_word' id='word_1_9' title='bbox 270 540 363 597; x_wconf 92' lang='lat' dir='ltr'>tanto</span> <span class='ocrx_word' id='word_1_10' title='bbox 384 539 515 618; x_wconf 86' lang='lat' dir='ltr'>possent</span> <span class='ocrx_word' id='word_1_11' title='bbox 536 531 704 595; x_wconf 88' lang='lat' dir='ltr'>venientes</span> <span class='ocrx_word' id='word_1_12' title='bbox 726 529 905 616; x_wconf 80' lang='lat' dir='ltr'>opprimere</span> <span class='ocrx_word' id='word_1_13' title='bbox 927 530 1032 608; x_wconf 91' lang='lat' dir='ltr'>imbri,</span> 
     </span>
     <span class='ocr_line' id='line_1_4' title="bbox 189 635 1090 721; baseline 0 -22"><span class='ocrx_word' id='word_1_14' title='bbox 189 635 324 700; x_wconf 89' lang='lat' dir='ltr'>flumina</span> <span class='ocrx_word' id='word_1_15' title='bbox 345 636 508 701; x_wconf 88' lang='lat' dir='ltr'>abundare</span> <span class='ocrx_word' id='word_1_16' title='bbox 532 643 570 699; x_wconf 92' lang='lat' dir='ltr'>ut</span> <span class='ocrx_word' id='word_1_17' title='bbox 592 635 734 699; x_wconf 87' lang='lat' dir='ltr'>facerent</span> <span class='ocrx_word' id='word_1_18' title='bbox 756 657 947 721; x_wconf 89' lang='lat' dir='ltr'>camposque</span> <span class='ocrx_word' id='word_1_19' title='bbox 970 643 1090 713; x_wconf 89' lang='lat' dir='ltr'>natare,</span> 
     </span>
     <span class='ocr_line' id='line_1_5' title="bbox 189 739 978 805; baseline 0 -1"><span class='ocrx_word' id='word_1_20' title='bbox 189 741 217 804; x_wconf 91' lang='lat' dir='ltr'>si</span> <span class='ocrx_word' id='word_1_21' title='bbox 238 763 303 805; x_wconf 91' lang='lat' dir='ltr'>non</span> <span class='ocrx_word' id='word_1_22' title='bbox 325 741 482 805; x_wconf 85' lang='lat' dir='ltr'>extructis</span> <span class='ocrx_word' id='word_1_23' title='bbox 503 741 585 805; x_wconf 89' lang='lat' dir='ltr'>foret</span> <span class='ocrx_word' id='word_1_24' title='bbox 608 740 673 804; x_wconf 88' lang='lat' dir='ltr'>alte</span> <span class='ocrx_word' id='word_1_25' title='bbox 696 739 837 804; x_wconf 91' lang='lat' dir='ltr'>nubibus</span> <span class='ocrx_word' id='word_1_26' title='bbox 859 739 978 804; x_wconf 89' lang='lat' dir='ltr'>aether.</span> 
     </span>
    </p>

    <p class='ocr_par' dir='ltr' id='par_1_4' title="bbox 190 842 1060 1347">
     <span class='ocr_line' id='line_1_6' title="bbox 190 842 1012 931; baseline 0 -23"><span class='ocrx_word' id='word_1_27' title='bbox 190 844 242 909; x_wconf 90' lang='lat' dir='ltr'>hic</span> <span class='ocrx_word' id='word_1_28' title='bbox 264 844 366 930; x_wconf 85' lang='lat' dir='ltr'>igitur</span> <span class='ocrx_word' id='word_1_29' title='bbox 387 844 493 908; x_wconf 90' lang='lat' dir='ltr'>ventis</span> <span class='ocrx_word' id='word_1_30' title='bbox 515 851 613 931; x_wconf 90' lang='lat' dir='ltr'>atque</span> <span class='ocrx_word' id='word_1_31' title='bbox 635 843 765 931; x_wconf 85' lang='lat' dir='ltr'>ignibus</span> <span class='ocrx_word' id='word_1_32' title='bbox 787 842 895 908; x_wconf 92' lang='lat' dir='ltr'>omnia</span> <span class='ocrx_word' id='word_1_33' title='bbox 915 844 1012 929; x_wconf 89' lang='lat' dir='ltr'>plena</span> 
     </span>
     <span class='ocr_line' id='line_1_7' title="bbox 190 946 1018 1034; baseline 0 -22"><span class='ocrx_word' id='word_1_34' title='bbox 190 956 286 1028; x_wconf 79' lang='lat' dir='ltr'>sunt3</span> <span class='ocrx_word' id='word_1_35' title='bbox 315 949 387 1013; x_wconf 87' lang='lat' dir='ltr'>ideo</span> <span class='ocrx_word' id='word_1_36' title='bbox 409 948 528 1034; x_wconf 87' lang='lat' dir='ltr'>passim</span> <span class='ocrx_word' id='word_1_37' title='bbox 550 948 698 1012; x_wconf 75' lang='lat' dir='ltr'>fremitus</span> <span class='ocrx_word' id='word_1_38' title='bbox 721 955 755 1010; x_wconf 91' lang='lat' dir='ltr'>et</span> <span class='ocrx_word' id='word_1_39' title='bbox 777 946 906 1033; x_wconf 84' lang='lat' dir='ltr'>fulgura</span> <span class='ocrx_word' id='word_1_40' title='bbox 927 948 1018 1012; x_wconf 90' lang='lat' dir='ltr'>fiunt.</span> 
     </span>
     <span class='ocr_line' id='line_1_8' title="bbox 190 1052 1021 1139; baseline 0 -22"><span class='ocrx_word' id='word_1_41' title='bbox 190 1054 309 1139; x_wconf 87' lang='lat' dir='ltr'>quippe</span> <span class='ocrx_word' id='word_1_42' title='bbox 333 1053 454 1118; x_wconf 80' lang='lat' dir='ltr'>etenim</span> <span class='ocrx_word' id='word_1_43' title='bbox 478 1076 574 1139; x_wconf 91' lang='lat' dir='ltr'>supra</span> <span class='ocrx_word' id='word_1_44' title='bbox 596 1052 690 1117; x_wconf 92' lang='lat' dir='ltr'>docui</span> <span class='ocrx_word' id='word_1_45' title='bbox 711 1053 874 1138; x_wconf 92' lang='lat' dir='ltr'>permulta</span> <span class='ocrx_word' id='word_1_46' title='bbox 896 1053 1021 1138; x_wconf 89' lang='lat' dir='ltr'>vaporis</span> 
     </span>
     <span class='ocr_line' id='line_1_9' title="bbox 190 1155 1060 1222; baseline -0.001 -1"><span class='ocrx_word' id='word_1_47' title='bbox 190 1158 313 1222; x_wconf 89' lang='lat' dir='ltr'>semina</span> <span class='ocrx_word' id='word_1_48' title='bbox 334 1158 452 1222; x_wconf 89' lang='lat' dir='ltr'>habere</span> <span class='ocrx_word' id='word_1_49' title='bbox 476 1180 568 1221; x_wconf 91' lang='lat' dir='ltr'>cavas</span> <span class='ocrx_word' id='word_1_50' title='bbox 591 1156 693 1221; x_wconf 92' lang='lat' dir='ltr'>nubes</span> <span class='ocrx_word' id='word_1_51' title='bbox 716 1164 751 1220; x_wconf 90' lang='lat' dir='ltr'>et</span> <span class='ocrx_word' id='word_1_52' title='bbox 773 1155 878 1218; x_wconf 90' lang='lat' dir='ltr'>multa</span> <span class='ocrx_word' id='word_1_53' title='bbox 900 1166 1060 1221; x_wconf 78' lang='lat' dir='ltr'>necessest</span> 
     </span>
     <span class='ocr_line' id='line_1_10' title="bbox 191 1259 972 1347; baseline 0 -22"><span class='ocrx_word' id='word_1_54' title='bbox 191 1261 355 1347; x_wconf 85' lang='lat' dir='ltr'>concipere</span> <span class='ocrx_word' id='word_1_55' title='bbox 378 1285 417 1325; x_wconf 87' lang='lat' dir='ltr'>cx</span> <span class='ocrx_word' id='word_1_56' title='bbox 440 1261 514 1325; x_wconf 91' lang='lat' dir='ltr'>solis</span> <span class='ocrx_word' id='word_1_57' title='bbox 537 1260 634 1324; x_wconf 89' lang='lat' dir='ltr'>radiis</span> <span class='ocrx_word' id='word_1_58' title='bbox 656 1259 831 1345; x_wconf 82' lang='lat' dir='ltr'>ardoreque</span> <span class='ocrx_word' id='word_1_59' title='bbox 855 1283 972 1325; x_wconf 88' lang='lat' dir='ltr'>eorum.</span> 
     </span>
    </p>

    <p class='ocr_par' dir='ltr' id='par_1_5' title="bbox 190 1365 1119 1742">
     <span class='ocr_line' id='line_1_11' title="bbox 190 1365 1019 1451; baseline -0.002 -20"><span class='ocrx_word' id='word_1_60' title='bbox 190 1367 250 1431; x_wconf 91' lang='lat' dir='ltr'>hoc</span> <span class='ocrx_word' id='word_1_61' title='bbox 272 1367 329 1431; x_wconf 92' lang='lat' dir='ltr'>ubi</span> <span class='ocrx_word' id='word_1_62' title='bbox 351 1374 468 1431; x_wconf 89' lang='lat' dir='ltr'>ventus</span> <span class='ocrx_word' id='word_1_63' title='bbox 490 1388 544 1431; x_wconf 89' lang='lat' dir='ltr'>eas</span> <span class='ocrx_word' id='word_1_64' title='bbox 565 1365 652 1429; x_wconf 92' lang='lat' dir='ltr'>idem</span> <span class='ocrx_word' id='word_1_65' title='bbox 675 1365 731 1450; x_wconf 92' lang='lat' dir='ltr'>qui</span> <span class='ocrx_word' id='word_1_66' title='bbox 754 1365 840 1451; x_wconf 83' lang='lat' dir='ltr'>cogit</span> <span class='ocrx_word' id='word_1_67' title='bbox 862 1365 896 1428; x_wconf 90' lang='lat' dir='ltr'>in</span> <span class='ocrx_word' id='word_1_68' title='bbox 919 1388 1019 1430; x_wconf 88' lang='lat' dir='ltr'>uuum</span> 
     </span>
     <span class='ocr_line' id='line_1_12' title="bbox 190 1469 1119 1556; baseline 0 -22"><span class='ocrx_word' id='word_1_69' title='bbox 190 1472 271 1535; x_wconf 90' lang='lat' dir='ltr'>forte</span> <span class='ocrx_word' id='word_1_70' title='bbox 293 1471 399 1535; x_wconf 91' lang='lat' dir='ltr'>locum</span> <span class='ocrx_word' id='word_1_71' title='bbox 422 1470 577 1556; x_wconf 87' lang='lat' dir='ltr'>quemvis,</span> <span class='ocrx_word' id='word_1_72' title='bbox 599 1469 756 1555; x_wconf 83' lang='lat' dir='ltr'>expressit</span> <span class='ocrx_word' id='word_1_73' title='bbox 779 1469 884 1533; x_wconf 92' lang='lat' dir='ltr'>multa</span> <span class='ocrx_word' id='word_1_74' title='bbox 905 1470 1053 1555; x_wconf 85' lang='lat' dir='ltr'>vaporis</span> <span class='ocrx_word' id='word_1_75' title='bbox 1117 1478 1119 1481; x_wconf 79' lang='grc'><strong>’</strong></span> 
     </span>
     <span class='ocr_line' id='line_1_13' title="bbox 190 1573 1031 1660; baseline -0.004 -21"><span class='ocrx_word' id='word_1_76' title='bbox 190 1575 313 1639; x_wconf 90' lang='lat' dir='ltr'>semina</span> <span class='ocrx_word' id='word_1_77' title='bbox 334 1597 432 1660; x_wconf 89' lang='lat' dir='ltr'>seque</span> <span class='ocrx_word' id='word_1_78' title='bbox 455 1573 551 1638; x_wconf 90' lang='lat' dir='ltr'>simul</span> <span class='ocrx_word' id='word_1_79' title='bbox 574 1596 648 1637; x_wconf 91' lang='lat' dir='ltr'>cum</span> <span class='ocrx_word' id='word_1_80' title='bbox 670 1596 708 1637; x_wconf 92' lang='lat' dir='ltr'>eo</span> <span class='ocrx_word' id='word_1_81' title='bbox 731 1573 931 1637; x_wconf 89' lang='lat' dir='ltr'>commiscuit</span> <span class='ocrx_word' id='word_1_82' title='bbox 954 1573 1031 1659; x_wconf 83' lang='lat' dir='ltr'>igni,</span> 
     </span>
     <span class='ocr_line' id='line_1_14' title="bbox 190 1677 894 1742; baseline -0.001 -1"><span class='ocrx_word' id='word_1_83' title='bbox 190 1678 373 1742; x_wconf 90' lang='lat' dir='ltr'>insinuatus</span> <span class='ocrx_word' id='word_1_84' title='bbox 395 1677 442 1742; x_wconf 90' lang='lat' dir='ltr'>ibi</span> <span class='ocrx_word' id='word_1_85' title='bbox 464 1685 576 1742; x_wconf 88' lang='lat' dir='ltr'>vortex</span> <span class='ocrx_word' id='word_1_86' title='bbox 599 1682 746 1741; x_wconf 85' lang='lat' dir='ltr'>versatur</span> <span class='ocrx_word' id='word_1_87' title='bbox 767 1677 801 1739; x_wconf 94' lang='lat' dir='ltr'>in</span> <span class='ocrx_word' id='word_1_88' title='bbox 823 1684 894 1741; x_wconf 87' lang='lat' dir='ltr'>arto</span> 
     </span>
    </p>

    <p class='ocr_par' dir='ltr' id='par_1_6' title="bbox 190 1780 934 1847">
     <span class='ocr_line' id='line_1_15' title="bbox 190 1780 934 1847; baseline -0.003 -1"><span class='ocrx_word' id='word_1_89' title='bbox 190 1790 224 1846; x_wconf 92' lang='lat' dir='ltr'>et</span> <span class='ocrx_word' id='word_1_90' title='bbox 247 1782 357 1847; x_wconf 81' lang='lat' dir='ltr'>calidis</span> <span class='ocrx_word' id='word_1_91' title='bbox 380 1781 468 1846; x_wconf 88' lang='lat' dir='ltr'>acuit</span> <span class='ocrx_word' id='word_1_92' title='bbox 490 1781 613 1846; x_wconf 92' lang='lat' dir='ltr'>fulmen</span> <span class='ocrx_word' id='word_1_93' title='bbox 636 1780 817 1845; x_wconf 87' lang='lat' dir='ltr'>fornacibus</span> <span class='ocrx_word' id='word_1_94' title='bbox 838 1781 934 1845; x_wconf 88' lang='lat' dir='ltr'>intus.</span> 
     </span>
    </p>

    <p class='ocr_par' dir='ltr' id='par_1_7' title="bbox 191 1885 1041 2076">
     <span class='ocr_line' id='line_1_16' title="bbox 191 1885 1041 1973; baseline 0 -23"><span class='ocrx_word' id='word_1_95' title='bbox 191 1910 266 1951; x_wconf 90' lang='lat' dir='ltr'>nam</span> <span class='ocrx_word' id='word_1_96' title='bbox 290 1886 411 1973; x_wconf 89' lang='lat' dir='ltr'>duplici</span> <span class='ocrx_word' id='word_1_97' title='bbox 433 1886 557 1950; x_wconf 90' lang='lat' dir='ltr'>ratione</span> <span class='ocrx_word' id='word_1_98' title='bbox 580 1885 774 1964; x_wconf 89' lang='lat' dir='ltr'>accenditur,</span> <span class='ocrx_word' id='word_1_99' title='bbox 796 1885 865 1970; x_wconf 92' lang='lat' dir='ltr'>ipse</span> <span class='ocrx_word' id='word_1_100' title='bbox 888 1909 946 1950; x_wconf 90' lang='lat' dir='ltr'>sua</span> <span class='ocrx_word' id='word_1_101' title='bbox 968 1910 1041 1951; x_wconf 90' lang='lat' dir='ltr'>curn</span> 
     </span>
     <span class='ocr_line' id='line_1_17' title="bbox 191 1987 947 2076; baseline 0 -22"><span class='ocrx_word' id='word_1_102' title='bbox 191 1991 372 2055; x_wconf 89' lang='lat' dir='ltr'>mobilitate</span> <span class='ocrx_word' id='word_1_103' title='bbox 395 1987 524 2055; x_wconf 84' lang='lat' dir='ltr'>calescit</span> <span class='ocrx_word' id='word_1_104' title='bbox 547 1998 582 2054; x_wconf 89' lang='lat' dir='ltr'>et</span> <span class='ocrx_word' id='word_1_105' title='bbox 604 2013 621 2054; x_wconf 88' lang='lat' dir='ltr'>c</span> <span class='ocrx_word' id='word_1_106' title='bbox 644 1989 834 2076; x_wconf 83' lang='lat' dir='ltr'>contagibus</span> <span class='ocrx_word' id='word_1_107' title='bbox 856 1989 947 2076; x_wconf 89' lang='lat' dir='ltr'>ignis.</span> 
     </span>
    </p>

    <p class='ocr_par' dir='ltr' id='par_1_8' title="bbox 190 2094 1116 3431">
     <span class='ocr_line' id='line_1_18' title="bbox 190 2094 994 2182; baseline 0.002 -24"><span class='ocrx_word' id='word_1_108' title='bbox 190 2094 265 2158; x_wconf 92' lang='lat' dir='ltr'>inde</span> <span class='ocrx_word' id='word_1_109' title='bbox 287 2095 345 2159; x_wconf 90' lang='lat' dir='ltr'>ubi</span> <span class='ocrx_word' id='word_1_110' title='bbox 366 2094 524 2181; x_wconf 88' lang='lat' dir='ltr'>percaluit</span> <span class='ocrx_word' id='word_1_111' title='bbox 547 2094 637 2158; x_wconf 89' lang='lat' dir='ltr'>venti</span> <span class='ocrx_word' id='word_1_112' title='bbox 660 2095 708 2158; x_wconf 89' lang='lat' dir='ltr'>vis</span> <span class='ocrx_word' id='word_1_113' title='bbox 730 2103 758 2160; x_wconf 87' lang='lat' dir='ltr'>et</span> <span class='ocrx_word' id='word_1_114' title='bbox 781 2095 887 2181; x_wconf 86' lang='lat' dir='ltr'>gravis</span> <span class='ocrx_word' id='word_1_115' title='bbox 908 2095 994 2182; x_wconf 92' lang='lat' dir='ltr'>ignis</span> 
     </span>
     <span class='ocr_line' id='line_1_19' title="bbox 191 2198 1036 2284; baseline 0.004 -23"><span class='ocrx_word' id='word_1_116' title='bbox 191 2198 333 2284; x_wconf 89' lang='lat' dir='ltr'>impetus</span> <span class='ocrx_word' id='word_1_117' title='bbox 355 2198 494 2276; x_wconf 89' lang='lat' dir='ltr'>incessit,</span> <span class='ocrx_word' id='word_1_118' title='bbox 517 2205 682 2262; x_wconf 91' lang='lat' dir='ltr'>maturum</span> <span class='ocrx_word' id='word_1_119' title='bbox 705 2205 777 2262; x_wconf 90' lang='lat' dir='ltr'>tum</span> <span class='ocrx_word' id='word_1_120' title='bbox 799 2198 891 2284; x_wconf 90' lang='lat' dir='ltr'>quasi</span> <span class='ocrx_word' id='word_1_121' title='bbox 913 2199 1036 2264; x_wconf 90' lang='lat' dir='ltr'>fulmen</span> 
     </span>
     <span class='ocr_line' id='line_1_20' title="bbox 190 2300 997 2387; baseline 0 -21"><span class='ocrx_word' id='word_1_122' title='bbox 190 2300 366 2387; x_wconf 86' lang='lat' dir='ltr'>perscindit</span> <span class='ocrx_word' id='word_1_123' title='bbox 389 2301 496 2366; x_wconf 89' lang='lat' dir='ltr'>subito</span> <span class='ocrx_word' id='word_1_124' title='bbox 518 2301 648 2380; x_wconf 89' lang='lat' dir='ltr'>nubem,</span> <span class='ocrx_word' id='word_1_125' title='bbox 671 2301 837 2386; x_wconf 88' lang='lat' dir='ltr'>ferturque</span> <span class='ocrx_word' id='word_1_126' title='bbox 860 2303 997 2367; x_wconf 90' lang='lat' dir='ltr'>coruscis</span> 
     </span>
     <span class='ocr_line' id='line_1_21' title="bbox 191 2407 1036 2493; baseline 0.004 -23"><span class='ocrx_word' id='word_1_127' title='bbox 191 2407 299 2471; x_wconf 91' lang='lat' dir='ltr'>omnia</span> <span class='ocrx_word' id='word_1_128' title='bbox 321 2407 498 2471; x_wconf 91' lang='lat' dir='ltr'>luminibus</span> <span class='ocrx_word' id='word_1_129' title='bbox 520 2408 660 2471; x_wconf 85' lang='lat' dir='ltr'>lustrans</span> <span class='ocrx_word' id='word_1_130' title='bbox 682 2407 751 2471; x_wconf 91' lang='lat' dir='ltr'>loca</span> <span class='ocrx_word' id='word_1_131' title='bbox 772 2407 914 2493; x_wconf 90' lang='lat' dir='ltr'>percitus</span> <span class='ocrx_word' id='word_1_132' title='bbox 936 2409 1036 2474; x_wconf 90' lang='lat' dir='ltr'>ardor.</span> 
     </span>
     <span class='ocr_line' id='line_1_22' title="bbox 191 2510 1089 2599; baseline 0.003 -24"><span class='ocrx_word' id='word_1_133' title='bbox 191 2534 287 2596; x_wconf 91' lang='lat' dir='ltr'>quem</span> <span class='ocrx_word' id='word_1_134' title='bbox 310 2511 416 2597; x_wconf 87' lang='lat' dir='ltr'>gravis</span> <span class='ocrx_word' id='word_1_135' title='bbox 437 2510 619 2596; x_wconf 87' lang='lat' dir='ltr'>insequitur</span> <span class='ocrx_word' id='word_1_136' title='bbox 641 2510 772 2588; x_wconf 74' lang='lat' dir='ltr'>sonitus</span> <span class='ocrx_word' id='word_1_137' title='bbox 796 2510 935 2596; x_wconf 88' lang='lat' dir='ltr'>displosa</span> <span class='ocrx_word' id='word_1_138' title='bbox 956 2521 1089 2599; x_wconf 88' lang='lat' dir='ltr'>repente</span> 
     </span>
     <span class='ocr_line' id='line_1_23' title="bbox 191 2614 1085 2701; baseline 0.001 -22"><span class='ocrx_word' id='word_1_139' title='bbox 191 2615 369 2701; x_wconf 90' lang='lat' dir='ltr'>opprimere</span> <span class='ocrx_word' id='word_1_140' title='bbox 392 2622 431 2678; x_wconf 94' lang='lat' dir='ltr'>ut</span> <span class='ocrx_word' id='word_1_141' title='bbox 452 2615 533 2678; x_wconf 87' lang='lat' dir='ltr'>caeli</span> <span class='ocrx_word' id='word_1_142' title='bbox 555 2614 704 2679; x_wconf 88' lang='lat' dir='ltr'>videatur</span> <span class='ocrx_word' id='word_1_143' title='bbox 725 2614 848 2700; x_wconf 89' lang='lat' dir='ltr'>templa</span> <span class='ocrx_word' id='word_1_144' title='bbox 869 2637 1013 2700; x_wconf 86' lang='lat' dir='ltr'>superne.</span> <span class='ocrx_word' id='word_1_145' title='bbox 1080 2630 1085 2642; x_wconf 92' lang='grc'><em>·</em></span> 
     </span>
     <span class='ocr_line' id='line_1_24' title="bbox 190 2717 1097 2804; baseline 0.002 -23"><span class='ocrx_word' id='word_1_146' title='bbox 190 2717 265 2782; x_wconf 87' lang='lat' dir='ltr'>inde</span> <span class='ocrx_word' id='word_1_147' title='bbox 289 2725 408 2782; x_wconf 90' lang='lat' dir='ltr'>tremor</span> <span class='ocrx_word' id='word_1_148' title='bbox 429 2725 530 2781; x_wconf 88' lang='lat' dir='ltr'>terras</span> <span class='ocrx_word' id='word_1_149' title='bbox 552 2717 694 2804; x_wconf 89' lang='lat' dir='ltr'>graviter</span> <span class='ocrx_word' id='word_1_150' title='bbox 715 2724 915 2803; x_wconf 89' lang='lat' dir='ltr'>pertemptat</span> <span class='ocrx_word' id='word_1_151' title='bbox 938 2726 971 2782; x_wconf 90' lang='lat' dir='ltr'>et</span> <span class='ocrx_word' id='word_1_152' title='bbox 994 2720 1097 2783; x_wconf 92' lang='lat' dir='ltr'>altum</span> 
     </span>
     <span class='ocr_line' id='line_1_25' title="bbox 191 2823 1116 2909; baseline 0.001 -22"><span class='ocrx_word' id='word_1_153' title='bbox 191 2845 357 2887; x_wconf 87' lang='lat' dir='ltr'>murmura</span> <span class='ocrx_word' id='word_1_154' title='bbox 378 2831 569 2909; x_wconf 89' lang='lat' dir='ltr'>percurrunt</span> <span class='ocrx_word' id='word_1_155' title='bbox 591 2823 716 2887; x_wconf 89' lang='lat' dir='ltr'>caelum</span> <span class='ocrx_word' id='word_1_156' title='bbox 728 2847 736 2902; x_wconf 82' lang='lat'><em>3</em></span> <span class='ocrx_word' id='word_1_157' title='bbox 765 2844 841 2885; x_wconf 90' lang='lat' dir='ltr'>nam</span> <span class='ocrx_word' id='word_1_158' title='bbox 864 2830 935 2886; x_wconf 88' lang='lat' dir='ltr'>tota</span> <span class='ocrx_word' id='word_1_159' title='bbox 957 2824 1022 2888; x_wconf 91' lang='lat' dir='ltr'>fere</span> <span class='ocrx_word' id='word_1_160' title='bbox 1045 2832 1116 2888; x_wconf 92' lang='lat' dir='ltr'>tum</span> 
     </span>
     <span class='ocr_line' id='line_1_26' title="bbox 190 2926 1107 3013; baseline 0.001 -21"><span class='ocrx_word' id='word_1_161' title='bbox 190 2935 366 3013; x_wconf 89' lang='lat' dir='ltr'>tempestas</span> <span class='ocrx_word' id='word_1_162' title='bbox 388 2950 540 2992; x_wconf 89' lang='lat' dir='ltr'>concussa</span> <span class='ocrx_word' id='word_1_163' title='bbox 561 2928 673 2992; x_wconf 91' lang='lat' dir='ltr'>tremit</span> <span class='ocrx_word' id='word_1_164' title='bbox 696 2926 907 3012; x_wconf 88' lang='lat' dir='ltr'>fremitusque</span> <span class='ocrx_word' id='word_1_165' title='bbox 930 2936 1107 2993; x_wconf 91' lang='lat' dir='ltr'>moventur.</span> 
     </span>
     <span class='ocr_line' id='line_1_27' title="bbox 191 3031 1082 3118; baseline 0 -21"><span class='ocrx_word' id='word_1_166' title='bbox 191 3055 254 3118; x_wconf 93' lang='lat' dir='ltr'>quo</span> <span class='ocrx_word' id='word_1_167' title='bbox 276 3032 316 3097; x_wconf 91' lang='lat' dir='ltr'>de</span> <span class='ocrx_word' id='word_1_168' title='bbox 339 3055 492 3097; x_wconf 89' lang='lat' dir='ltr'>concussu</span> <span class='ocrx_word' id='word_1_169' title='bbox 516 3031 662 3117; x_wconf 90' lang='lat' dir='ltr'>sequitur</span> <span class='ocrx_word' id='word_1_170' title='bbox 683 3031 789 3117; x_wconf 88' lang='lat' dir='ltr'>gravis</span> <span class='ocrx_word' id='word_1_171' title='bbox 811 3031 916 3096; x_wconf 91' lang='lat' dir='ltr'>imber</span> <span class='ocrx_word' id='word_1_172' title='bbox 938 3039 972 3095; x_wconf 91' lang='lat' dir='ltr'>et</span> <span class='ocrx_word' id='word_1_173' title='bbox 994 3033 1082 3110; x_wconf 89' lang='lat' dir='ltr'>uber,</span> 
     </span>
     <span class='ocr_line' id='line_1_28' title="bbox 191 3135 1030 3201; baseline 0 -1"><span class='ocrx_word' id='word_1_174' title='bbox 191 3137 293 3201; x_wconf 89' lang='lat' dir='ltr'>omnis</span> <span class='ocrx_word' id='word_1_175' title='bbox 315 3136 367 3201; x_wconf 92' lang='lat' dir='ltr'>uti</span> <span class='ocrx_word' id='word_1_176' title='bbox 388 3136 538 3200; x_wconf 89' lang='lat' dir='ltr'>videatur</span> <span class='ocrx_word' id='word_1_177' title='bbox 558 3136 594 3200; x_wconf 91' lang='lat' dir='ltr'>in</span> <span class='ocrx_word' id='word_1_178' title='bbox 615 3135 752 3199; x_wconf 86' lang='lat' dir='ltr'>imbrem</span> <span class='ocrx_word' id='word_1_179' title='bbox 776 3135 895 3199; x_wconf 87' lang='lat' dir='ltr'>vertier</span> <span class='ocrx_word' id='word_1_180' title='bbox 916 3136 1030 3201; x_wconf 90' lang='lat' dir='ltr'>aether</span> 
     </span>
     <span class='ocr_line' id='line_1_29' title="bbox 190 3239 1021 3328; baseline 0 -23"><span class='ocrx_word' id='word_1_181' title='bbox 190 3249 288 3328; x_wconf 90' lang='lat' dir='ltr'>atque</span> <span class='ocrx_word' id='word_1_182' title='bbox 311 3242 359 3305; x_wconf 91' lang='lat' dir='ltr'>ita</span> <span class='ocrx_word' id='word_1_183' title='bbox 380 3240 596 3327; x_wconf 88' lang='lat' dir='ltr'>praecipitans</span> <span class='ocrx_word' id='word_1_184' title='bbox 618 3240 660 3304; x_wconf 91' lang='lat' dir='ltr'>ad</span> <span class='ocrx_word' id='word_1_185' title='bbox 681 3239 837 3305; x_wconf 85' lang='lat' dir='ltr'>diluviem</span> <span class='ocrx_word' id='word_1_186' title='bbox 861 3241 1021 3305; x_wconf 88' lang='lat' dir='ltr'>revocari:</span> 
     </span>
     <span class='ocr_line' id='line_1_30' title="bbox 191 3344 911 3431; baseline -0.001 -21"><span class='ocrx_word' id='word_1_187' title='bbox 191 3353 303 3410; x_wconf 89' lang='lat' dir='ltr'>tantus</span> <span class='ocrx_word' id='word_1_188' title='bbox 325 3344 457 3410; x_wconf 90' lang='lat' dir='ltr'>discidio</span> <span class='ocrx_word' id='word_1_189' title='bbox 479 3345 574 3409; x_wconf 89' lang='lat' dir='ltr'>nubis</span> <span class='ocrx_word' id='word_1_190' title='bbox 597 3344 750 3430; x_wconf 91' lang='lat' dir='ltr'>ventique</span> <span class='ocrx_word' id='word_1_191' title='bbox 773 3344 911 3431; x_wconf 89' lang='lat' dir='ltr'>procella</span> 
     </span>
    </p>

    <p class='ocr_par' dir='ltr' id='par_1_9' title="bbox 191 3450 997 3544">
     <span class='ocr_line' id='line_1_31' title="bbox 191 3450 997 3544; baseline 0.001 -30"><span class='ocrx_word' id='word_1_192' title='bbox 191 3451 342 3528; x_wconf 85' lang='lat' dir='ltr'>mittitur,</span> <span class='ocrx_word' id='word_1_193' title='bbox 365 3450 492 3515; x_wconf 90' lang='lat' dir='ltr'>ardenti</span> <span class='ocrx_word' id='word_1_194' title='bbox 514 3450 638 3514; x_wconf 92' lang='lat' dir='ltr'>sonitus</span> <span class='ocrx_word' id='word_1_195' title='bbox 660 3472 733 3514; x_wconf 89' lang='lat' dir='ltr'>cum</span> <span class='ocrx_word' id='word_1_196' title='bbox 756 3451 901 3536; x_wconf 91' lang='lat' dir='ltr'>provolat</span> <span class='ocrx_word' id='word_1_197' title='bbox 922 3451 997 3544; x_wconf 73' lang='lat' dir='ltr'>ictq.</span> 
     </span>
    </p>

    <p class='ocr_par' dir='ltr' id='par_1_10' title="bbox 191 3553 1306 3642">
     <span class='ocr_line' id='line_1_32' title="bbox 191 3553 1306 3642; baseline 0.004 -24"><span class='ocrx_word' id='word_1_198' title='bbox 191 3561 241 3619; x_wconf 93' lang='lat' dir='ltr'>est</span> <span class='ocrx_word' id='word_1_199' title='bbox 263 3554 362 3619; x_wconf 92' lang='lat' dir='ltr'>etiam</span> <span class='ocrx_word' id='word_1_200' title='bbox 385 3577 458 3618; x_wconf 90' lang='lat' dir='ltr'>cum</span> <span class='ocrx_word' id='word_1_201' title='bbox 481 3554 530 3618; x_wconf 91' lang='lat' dir='ltr'>vis</span> <span class='ocrx_word' id='word_1_202' title='bbox 552 3554 750 3619; x_wconf 85' lang='lat' dir='ltr'>extrinsecus</span> <span class='ocrx_word' id='word_1_203' title='bbox 771 3553 872 3618; x_wconf 91' lang='lat' dir='ltr'>incita</span> <span class='ocrx_word' id='word_1_204' title='bbox 893 3555 982 3618; x_wconf 89' lang='lat' dir='ltr'>venti</span> <span class='ocrx_word' id='word_1_205' title='bbox 1246 3574 1306 3642; x_wconf 83' lang='lat'>295</span> 
     </span>
    </p>
   </div>
   <div class='ocr_carea' id='block_1_3' title="bbox 97 3775 1313 4491">
    <p class='ocr_par' dir='ltr' id='par_1_11' title="bbox 97 3775 1313 4491">
     <span class='ocr_line' id='line_1_33' title="bbox 97 3775 1307 3842; baseline 0.005 -16"><span class='ocrx_word' id='word_1_206' title='bbox 97 3779 202 3841; x_wconf 76' lang='lat' dir='ltr'>fiuntcc.</span> <span class='ocrx_word' id='word_1_207' title='bbox 311 3775 359 3826; x_wconf 84' lang='grc'>258</span> <span class='ocrx_word' id='word_1_208' title='bbox 370 3777 470 3838; x_wconf 79' lang='lat' dir='ltr'>effertus</span> <span class='ocrx_word' id='word_1_209' title='bbox 480 3775 560 3825; x_wconf 78' lang='lat' dir='ltr'>Lech.</span> <span class='ocrx_word' id='word_1_210' title='bbox 573 3776 613 3825; x_wconf 85' lang='lat' dir='ltr'>for</span> <span class='ocrx_word' id='word_1_211' title='bbox 624 3784 648 3825; x_wconf 80' lang='lat' dir='ltr'>et</span> <span class='ocrx_word' id='word_1_212' title='bbox 655 3777 747 3839; x_wconf 77' lang='lat' dir='ltr'>sertus.</span> <span class='ocrx_word' id='word_1_213' title='bbox 781 3777 974 3840; x_wconf 83' lang='lat' dir='ltr'>etsertorvulg.</span> <span class='ocrx_word' id='word_1_214' title='bbox 1094 3779 1228 3842; x_wconf 68' lang='lat' dir='ltr'>acupieta</span> <span class='ocrx_word' id='word_1_215' title='bbox 1238 3780 1307 3833; x_wconf 82' lang='lat' dir='ltr'>Flor.</span> 
     </span>
     <span class='ocr_line' id='line_1_34' title="bbox 104 3856 1311 3920; baseline 0.004 -12"><span class='ocrx_word' id='word_1_216' title='bbox 104 3860 135 3909; x_wconf 84' lang='lat'>31</span> <span class='ocrx_word' id='word_1_217' title='bbox 154 3858 242 3909; x_wconf 84' lang='lat' dir='ltr'>camb.</span> <span class='ocrx_word' id='word_1_218' title='bbox 261 3856 333 3907; x_wconf 86' lang='lat' dir='ltr'>Mon.</span> <span class='ocrx_word' id='word_1_219' title='bbox 350 3861 398 3907; x_wconf 87' lang='lat' dir='ltr'>etc.</span> <span class='ocrx_word' id='word_1_220' title='bbox 416 3858 456 3906; x_wconf 84' lang='lat' dir='ltr'>for</span> <span class='ocrx_word' id='word_1_221' title='bbox 468 3859 558 3920; x_wconf 78' lang='lat' dir='ltr'>plano.</span> <span class='ocrx_word' id='word_1_222' title='bbox 721 3860 769 3912; x_wconf 84' lang='grc'>272</span> <span class='ocrx_word' id='word_1_223' title='bbox 788 3860 875 3908; x_wconf 77' lang='lat' dir='ltr'>habere</span> <span class='ocrx_word' id='word_1_224' title='bbox 893 3859 967 3910; x_wconf 89' lang='lat' dir='ltr'>Pont.</span> <span class='ocrx_word' id='word_1_225' title='bbox 988 3859 1052 3907; x_wconf 85' lang='lat' dir='ltr'>Mor.</span> <span class='ocrx_word' id='word_1_226' title='bbox 1070 3860 1128 3909; x_wconf 87' lang='lat' dir='ltr'>Ald.</span> <span class='ocrx_word' id='word_1_227' title='bbox 1146 3862 1160 3909; x_wconf 94' lang='lat' dir='ltr'>l</span> <span class='ocrx_word' id='word_1_228' title='bbox 1178 3861 1251 3914; x_wconf 72' lang='lat' dir='ltr'>June.</span> <span class='ocrx_word' id='word_1_229' title='bbox 1271 3864 1311 3913; x_wconf 85' lang='lat' dir='ltr'>for</span> 
     </span>
     <span class='ocr_line' id='line_1_35' title="bbox 105 3937 1310 3995; baseline 0.004 -6"><span class='ocrx_word' id='word_1_230' title='bbox 105 3940 232 3989; x_wconf 80' lang='lat' dir='ltr'>haeedcre.</span> <span class='ocrx_word' id='word_1_231' title='bbox 267 3940 313 3987; x_wconf 82' lang='lat' dir='ltr'>hac</span> <span class='ocrx_word' id='word_1_232' title='bbox 330 3939 359 3987; x_wconf 82' lang='lat' dir='ltr'>de</span> <span class='ocrx_word' id='word_1_233' title='bbox 376 3954 402 3988; x_wconf 89' lang='lat' dir='ltr'>re</span> <span class='ocrx_word' id='word_1_234' title='bbox 419 3937 489 3988; x_wconf 85' lang='lat' dir='ltr'>Nicc.</span> <span class='ocrx_word' id='word_1_235' title='bbox 579 3991 581 3995; x_wconf 52' lang='grc'>,</span> <span class='ocrx_word' id='word_1_236' title='bbox 620 3940 667 3990; x_wconf 85' lang='grc'>277</span> <span class='ocrx_word' id='word_1_237' title='bbox 686 3939 966 3991; x_wconf 68' lang='lat' dir='ltr'>aeramentorum.</span> <span class='ocrx_word' id='word_1_238' title='bbox 1098 3943 1144 3990; x_wconf 86' lang='grc'>281</span> <span class='ocrx_word' id='word_1_239' title='bbox 1157 3945 1274 3993; x_wconf 71' lang='lat' dir='ltr'>verticis</span> <span class='ocrx_word' id='word_1_240' title='bbox 1286 3951 1310 3994; x_wconf 83' lang='lat' dir='ltr'>et</span> 
     </span>
     <span class='ocr_line' id='line_1_36' title="bbox 102 4020 1309 4085; baseline 0.005 -15"><span class='ocrx_word' id='word_1_241' title='bbox 102 4022 190 4083; x_wconf 71' lang='lat' dir='ltr'>pravis</span> <span class='ocrx_word' id='word_1_242' title='bbox 206 4022 273 4081; x_wconf 67' lang='lat' dir='ltr'>ionis</span> <span class='ocrx_word' id='word_1_243' title='bbox 288 4020 374 4070; x_wconf 88' lang='lat' dir='ltr'>Bentl.</span> <span class='ocrx_word' id='word_1_244' title='bbox 394 4020 433 4069; x_wconf 85' lang='lat' dir='ltr'>for</span> <span class='ocrx_word' id='word_1_245' title='bbox 450 4023 535 4082; x_wconf 70' lang='lat' dir='ltr'>pravis</span> <span class='ocrx_word' id='word_1_246' title='bbox 552 4022 620 4069; x_wconf 75' lang='lat' dir='ltr'>vecti</span> <span class='ocrx_word' id='word_1_247' title='bbox 636 4024 676 4070; x_wconf 63' lang='grc' dir='ltr'>υἷε</span> <span class='ocrx_word' id='word_1_248' title='bbox 692 4023 756 4083; x_wconf 69' lang='lat' dir='ltr'>tout.</span> <span class='ocrx_word' id='word_1_249' title='bbox 789 4024 904 4084; x_wconf 69' lang='lat' dir='ltr'>provide,</span> <span class='ocrx_word' id='word_1_250' title='bbox 919 4031 964 4072; x_wconf 82' lang='lat' dir='ltr'>cut</span> <span class='ocrx_word' id='word_1_251' title='bbox 980 4025 1019 4072; x_wconf 81' lang='lat' dir='ltr'>vis</span> <span class='ocrx_word' id='word_1_252' title='bbox 1035 4026 1102 4085; x_wconf 68' lang='lat' dir='ltr'>iouis</span> <span class='ocrx_word' id='word_1_253' title='bbox 1119 4032 1143 4073; x_wconf 89' lang='lat' dir='ltr'>et</span> <span class='ocrx_word' id='word_1_254' title='bbox 1158 4041 1215 4075; x_wconf 81' lang='lat' dir='ltr'>acer</span> <span class='ocrx_word' id='word_1_255' title='bbox 1229 4025 1309 4076; x_wconf 78' lang='lat' dir='ltr'>Lech.</span> 
     </span>
     <span class='ocr_line' id='line_1_37' title="bbox 103 4101 1311 4163; baseline 0.004 -11"><span class='ocrx_word' id='word_1_256' title='bbox 103 4105 143 4152; x_wconf 83' lang='lat' dir='ltr'>vie</span> <span class='ocrx_word' id='word_1_257' title='bbox 153 4104 222 4151; x_wconf 80' lang='lat' dir='ltr'>venti</span> <span class='ocrx_word' id='word_1_258' title='bbox 233 4103 273 4150; x_wconf 90' lang='lat' dir='ltr'>vel</span> <span class='ocrx_word' id='word_1_259' title='bbox 282 4104 367 4163; x_wconf 74' lang='lat' dir='ltr'>pravis</span> <span class='ocrx_word' id='word_1_260' title='bbox 378 4104 446 4162; x_wconf 71' lang='lat' dir='ltr'>ipris</span> <span class='ocrx_word' id='word_1_261' title='bbox 458 4102 520 4152; x_wconf 80' lang='lat' dir='ltr'>Mar.</span> <span class='ocrx_word' id='word_1_262' title='bbox 536 4101 607 4152; x_wconf 87' lang='lat' dir='ltr'>Junt.</span> <span class='ocrx_word' id='word_1_263' title='bbox 622 4101 712 4153; x_wconf 82' lang='lat' dir='ltr'>Lamb.</span> <span class='ocrx_word' id='word_1_264' title='bbox 728 4106 775 4152; x_wconf 90' lang='lat' dir='ltr'>eto.</span> <span class='ocrx_word' id='word_1_265' title='bbox 907 4103 954 4154; x_wconf 86' lang='grc'>286</span> <span class='ocrx_word' id='word_1_266' title='bbox 965 4107 1083 4155; x_wconf 78' lang='lat' dir='ltr'>videatur</span> <span class='ocrx_word' id='word_1_267' title='bbox 1093 4104 1142 4156; x_wconf 86' lang='lat' dir='ltr'>Ed.</span> <span class='ocrx_word' id='word_1_268' title='bbox 1156 4105 1197 4155; x_wconf 86' lang='lat' dir='ltr'>for</span> <span class='ocrx_word' id='word_1_269' title='bbox 1207 4109 1311 4157; x_wconf 83' lang='lat' dir='ltr'>videau-</span> 
     </span>
     <span class='ocr_line' id='line_1_38' title="bbox 104 4182 1307 4248; baseline 0.007 -13"><span class='ocrx_word' id='word_1_270' title='bbox 104 4193 160 4235; x_wconf 84' lang='lat' dir='ltr'>tur:</span> <span class='ocrx_word' id='word_1_271' title='bbox 178 4182 223 4232; x_wconf 86' lang='lat' dir='ltr'>the</span> <span class='ocrx_word' id='word_1_272' title='bbox 239 4183 322 4232; x_wconf 86' lang='lat' dir='ltr'>scribe</span> <span class='ocrx_word' id='word_1_273' title='bbox 338 4182 387 4232; x_wconf 86' lang='lat' dir='ltr'>has</span> <span class='ocrx_word' id='word_1_274' title='bbox 404 4182 516 4247; x_wconf 72' lang='lat' dir='ltr'>adopted</span> <span class='ocrx_word' id='word_1_275' title='bbox 532 4182 577 4233; x_wconf 88' lang='lat' dir='ltr'>the</span> <span class='ocrx_word' id='word_1_276' title='bbox 593 4184 653 4233; x_wconf 87' lang='lat' dir='ltr'>verb</span> <span class='ocrx_word' id='word_1_277' title='bbox 671 4188 698 4234; x_wconf 89' lang='lat' dir='ltr'>to</span> <span class='ocrx_word' id='word_1_278' title='bbox 716 4187 821 4248; x_wconf 79' lang='lat' dir='ltr'>templo:</span> <span class='ocrx_word' id='word_1_279' title='bbox 840 4201 881 4236; x_wconf 87' lang='lat' dir='ltr'>see</span> <span class='ocrx_word' id='word_1_280' title='bbox 896 4202 907 4236; x_wconf 93' lang='lat'>1</span> <span class='ocrx_word' id='word_1_281' title='bbox 923 4189 1000 4238; x_wconf 85' lang='lat'>1108:</span> <span class='ocrx_word' id='word_1_282' title='bbox 1019 4187 1047 4236; x_wconf 89' lang='lat' dir='ltr'>in</span> <span class='ocrx_word' id='word_1_283' title='bbox 1059 4188 1107 4240; x_wconf 85' lang='grc'>467</span> <span class='ocrx_word' id='word_1_284' title='bbox 1118 4191 1234 4238; x_wconf 82' lang='lat' dir='ltr'>videatur</span> <span class='ocrx_word' id='word_1_285' title='bbox 1245 4204 1307 4243; x_wconf 88' lang='lat' dir='ltr'>mss.</span> 
     </span>
     <span class='ocr_line' id='line_1_39' title="bbox 104 4264 1312 4330; baseline 0.006 -16"><span class='ocrx_word' id='word_1_286' title='bbox 104 4266 145 4317; x_wconf 86' lang='lat' dir='ltr'>for</span> <span class='ocrx_word' id='word_1_287' title='bbox 154 4267 296 4315; x_wconf 74' lang='lat' dir='ltr'>videantur.</span> <span class='ocrx_word' id='word_1_288' title='bbox 313 4264 394 4314; x_wconf 80' lang='lat' dir='ltr'>Lech.</span> <span class='ocrx_word' id='word_1_289' title='bbox 405 4264 480 4315; x_wconf 83' lang='lat' dir='ltr'>reads</span> <span class='ocrx_word' id='word_1_290' title='bbox 490 4268 639 4328; x_wconf 78' lang='lat' dir='ltr'>Exprimere</span> <span class='ocrx_word' id='word_1_291' title='bbox 651 4266 691 4315; x_wconf 88' lang='lat' dir='ltr'>for</span> <span class='ocrx_word' id='word_1_292' title='bbox 704 4268 854 4330; x_wconf 59' lang='lat' dir='ltr'>opportere,</span> <span class='ocrx_word' id='word_1_293' title='bbox 865 4269 944 4319; x_wconf 89' lang='lat' dir='ltr'>Bern.</span> <span class='ocrx_word' id='word_1_294' title='bbox 958 4271 1082 4320; x_wconf 78' lang='lat' dir='ltr'>Occidere.</span> <span class='ocrx_word' id='word_1_295' title='bbox 1134 4272 1182 4321; x_wconf 88' lang='grc'>290</span> <span class='ocrx_word' id='word_1_296' title='bbox 1194 4287 1312 4321; x_wconf 80' lang='lat' dir='ltr'>cmwussu</span> 
     </span>
     <span class='ocr_line' id='line_1_40' title="bbox 105 4347 1312 4405; baseline 0.006 -7"><span class='ocrx_word' id='word_1_297' title='bbox 105 4349 128 4398; x_wconf 96' lang='lat' dir='ltr'>B</span> <span class='ocrx_word' id='word_1_298' title='bbox 139 4362 204 4398; x_wconf 83' lang='lat' dir='ltr'>corr.</span> <span class='ocrx_word' id='word_1_299' title='bbox 216 4348 293 4398; x_wconf 87' lang='lat' dir='ltr'>Pont.</span> <span class='ocrx_word' id='word_1_300' title='bbox 305 4348 371 4398; x_wconf 81' lang='lat' dir='ltr'>Mar.</span> <span class='ocrx_word' id='word_1_301' title='bbox 382 4347 440 4399; x_wconf 84' lang='lat' dir='ltr'>Ald.</span> <span class='ocrx_word' id='word_1_302' title='bbox 454 4350 469 4397; x_wconf 94' lang='lat' dir='ltr'>l</span> <span class='ocrx_word' id='word_1_303' title='bbox 481 4348 554 4400; x_wconf 86' lang='lat' dir='ltr'>Junt.</span> <span class='ocrx_word' id='word_1_304' title='bbox 569 4349 609 4398; x_wconf 84' lang='lat' dir='ltr'>for</span> <span class='ocrx_word' id='word_1_305' title='bbox 620 4365 758 4399; x_wconf 70' lang='lat' dir='ltr'>comosum</span> <span class='ocrx_word' id='word_1_306' title='bbox 864 4353 911 4402; x_wconf 83' lang='lat'>291</span> <span class='ocrx_word' id='word_1_307' title='bbox 924 4355 963 4401; x_wconf 80' lang='lat' dir='ltr'>uti</span> <span class='ocrx_word' id='word_1_308' title='bbox 975 4352 1051 4401; x_wconf 91' lang='lat' dir='ltr'>Pont.</span> <span class='ocrx_word' id='word_1_309' title='bbox 1064 4353 1129 4402; x_wconf 89' lang='lat' dir='ltr'>Mar.</span> <span class='ocrx_word' id='word_1_310' title='bbox 1140 4353 1198 4402; x_wconf 88' lang='lat' dir='ltr'>Ald.</span> <span class='ocrx_word' id='word_1_311' title='bbox 1211 4354 1225 4401; x_wconf 93' lang='lat'>1</span> <span class='ocrx_word' id='word_1_312' title='bbox 1237 4354 1312 4405; x_wconf 88' lang='lat' dir='ltr'>Junt.</span> 
     </span>
     <span class='ocr_line' id='line_1_41' title="bbox 104 4428 1313 4491; baseline 0.006 -12"><span class='ocrx_word' id='word_1_313' title='bbox 104 4430 194 4480; x_wconf 81' lang='lat' dir='ltr'>forat.</span> <span class='ocrx_word' id='word_1_314' title='bbox 226 4431 266 4479; x_wconf 82' lang='lat' dir='ltr'>ito</span> <span class='ocrx_word' id='word_1_315' title='bbox 276 4429 385 4480; x_wconf 76' lang='lat' dir='ltr'>utFlor.</span> <span class='ocrx_word' id='word_1_316' title='bbox 398 4428 530 4483; x_wconf 70' lang='lat' dir='ltr'>sicema</span> <span class='ocrx_word' id='word_1_317' title='bbox 612 4431 660 4484; x_wconf 82' lang='grc'>292</span> <span class='ocrx_word' id='word_1_318' title='bbox 670 4433 784 4484; x_wconf 77' lang='lat' dir='ltr'>revocari</span> <span class='ocrx_word' id='word_1_319' title='bbox 795 4431 874 4486; x_wconf 77' lang='lat' dir='ltr'>Lech.</span> <span class='ocrx_word' id='word_1_320' title='bbox 888 4432 929 4485; x_wconf 87' lang='lat' dir='ltr'>for</span> <span class='ocrx_word' id='word_1_321' title='bbox 939 4448 1061 4487; x_wconf 85' lang='lat' dir='ltr'>revocare.</span> <span class='ocrx_word' id='word_1_322' title='bbox 1144 4433 1191 4488; x_wconf 83' lang='lat'>296</span> <span class='ocrx_word' id='word_1_323' title='bbox 1202 4437 1313 4491; x_wconf 77' lang='lat' dir='ltr'>calidam</span> 
     </span>
    </p>
   </div>
   <div class='ocr_carea' id='block_1_4' title="bbox 0 0 1432 4860">
    <p class='ocr_par' dir='ltr' id='par_1_12' title="bbox 0 0 1432 4860">
     <span class='ocr_line' id='line_1_42' title="bbox 0 0 1432 4860; baseline 0 0"><span class='ocrx_word' id='word_1_324' title='bbox 0 0 1432 4860; x_wconf 95' lang='lat' dir='ltr'> </span> 
     </span>
    </p>
   </div>
  </div>
 </body>
</html>
