<?xml version="1.0" encoding="UTF-8"?>
<!DOCTYPE html PUBLIC "-//W3C//DTD XHTML 1.0 Transitional//EN"
    "http://www.w3.org/TR/xhtml1/DTD/xhtml1-transitional.dtd">
<html xmlns="http://www.w3.org/1999/xhtml" xml:lang="en" lang="en">
 <head>
  <title>
</title>
<meta http-equiv="Content-Type" content="text/html;charset=utf-8" />
  <meta name='ocr-system' content='tesseract 3.04.00' />
  <meta name='ocr-capabilities' content='ocr_page ocr_carea ocr_par ocr_line ocrx_word'/>
</head>
<body>
  <div class='ocr_page' id='page_1' title='image "./tlucreticarider01munrgoog_0211.png"; bbox 0 0 2842 4860; ppageno 0'>
   <div class='ocr_carea' id='block_1_1' title="bbox 752 257 801 319">
    <p class='ocr_par' dir='ltr' id='par_1_1' title="bbox 752 257 801 319">
     <span class='ocr_line' id='line_1_1' title="bbox 752 257 801 319; baseline 0 0"><span class='ocrx_word' id='word_1_1' title='bbox 752 257 801 319; x_wconf 88' lang='lat' dir='ltr'>IV</span> 
     </span>
    </p>
   </div>
   <div class='ocr_carea' id='block_1_2' title="bbox 259 413 1387 3616">
    <p class='ocr_par' dir='ltr' id='par_1_2' title="bbox 259 413 1385 1431">
     <span class='ocr_line' id='line_1_2' title="bbox 260 413 1172 501; baseline 0.008 -24"><span class='ocrx_word' id='word_1_2' title='bbox 260 413 358 500; x_wconf 90' lang='lat' dir='ltr'>idque</span> <span class='ocrx_word' id='word_1_3' title='bbox 381 415 466 500; x_wconf 93' lang='lat' dir='ltr'>petit</span> <span class='ocrx_word' id='word_1_4' title='bbox 488 438 610 501; x_wconf 90' lang='lat' dir='ltr'>corpus,</span> <span class='ocrx_word' id='word_1_5' title='bbox 633 438 724 480; x_wconf 92' lang='lat' dir='ltr'>mens</span> <span class='ocrx_word' id='word_1_6' title='bbox 746 416 832 480; x_wconf 92' lang='lat' dir='ltr'>unde</span> <span class='ocrx_word' id='word_1_7' title='bbox 856 425 905 481; x_wconf 91' lang='lat' dir='ltr'>est</span> <span class='ocrx_word' id='word_1_8' title='bbox 928 419 1036 482; x_wconf 90' lang='lat' dir='ltr'>saucia</span> <span class='ocrx_word' id='word_1_9' title='bbox 1057 441 1172 484; x_wconf 88' lang='lat' dir='ltr'>amore.</span> 
     </span>
     <span class='ocr_line' id='line_1_3' title="bbox 261 518 1254 604; baseline 0.006 -24"><span class='ocrx_word' id='word_1_10' title='bbox 261 538 400 602; x_wconf 91' lang='lat' dir='ltr'>namque</span> <span class='ocrx_word' id='word_1_11' title='bbox 423 540 533 583; x_wconf 91' lang='lat' dir='ltr'>omnes</span> <span class='ocrx_word' id='word_1_12' title='bbox 555 518 745 604; x_wconf 87' lang='lat' dir='ltr'>plerumque</span> <span class='ocrx_word' id='word_1_13' title='bbox 767 519 888 584; x_wconf 87' lang='lat' dir='ltr'>cadunt</span> <span class='ocrx_word' id='word_1_14' title='bbox 909 520 944 584; x_wconf 92' lang='lat' dir='ltr'>in</span> <span class='ocrx_word' id='word_1_15' title='bbox 967 522 1084 586; x_wconf 90' lang='lat' dir='ltr'>vulnus</span> <span class='ocrx_word' id='word_1_16' title='bbox 1106 531 1141 586; x_wconf 91' lang='lat' dir='ltr'>et</span> <span class='ocrx_word' id='word_1_17' title='bbox 1163 523 1254 586; x_wconf 87' lang='lat' dir='ltr'>illam</span> 
     </span>
     <span class='ocr_line' id='line_1_4' title="bbox 262 619 1385 707; baseline 0.007 -24"><span class='ocrx_word' id='word_1_18' title='bbox 262 620 379 684; x_wconf 91' lang='lat' dir='ltr'>emicat</span> <span class='ocrx_word' id='word_1_19' title='bbox 400 619 436 684; x_wconf 92' lang='lat' dir='ltr'>in</span> <span class='ocrx_word' id='word_1_20' title='bbox 457 627 584 706; x_wconf 85' lang='lat' dir='ltr'>partem</span> <span class='ocrx_word' id='word_1_21' title='bbox 606 621 738 707; x_wconf 89' lang='lat' dir='ltr'>sanguis</span> <span class='ocrx_word' id='word_1_22' title='bbox 760 622 847 686; x_wconf 92' lang='lat' dir='ltr'>unde</span> <span class='ocrx_word' id='word_1_23' title='bbox 870 623 986 687; x_wconf 91' lang='lat' dir='ltr'>icimur</span> <span class='ocrx_word' id='word_1_24' title='bbox 1007 624 1085 703; x_wconf 91' lang='lat' dir='ltr'>ictu,</span> <span class='ocrx_word' id='word_1_25' title='bbox 1303 640 1385 706; x_wconf 85' lang='lat'>1050</span> 
     </span>
     <span class='ocr_line' id='line_1_5' title="bbox 262 723 1175 811; baseline 0.007 -25"><span class='ocrx_word' id='word_1_26' title='bbox 262 731 296 787; x_wconf 92' lang='lat' dir='ltr'>et</span> <span class='ocrx_word' id='word_1_27' title='bbox 318 723 346 787; x_wconf 92' lang='lat' dir='ltr'>si</span> <span class='ocrx_word' id='word_1_28' title='bbox 368 724 546 786; x_wconf 91' lang='lat' dir='ltr'>comminus</span> <span class='ocrx_word' id='word_1_29' title='bbox 569 730 627 800; x_wconf 89' lang='lat' dir='ltr'>est,</span> <span class='ocrx_word' id='word_1_30' title='bbox 650 723 777 787; x_wconf 91' lang='lat' dir='ltr'>hostem</span> <span class='ocrx_word' id='word_1_31' title='bbox 799 724 897 789; x_wconf 91' lang='lat' dir='ltr'>ruber</span> <span class='ocrx_word' id='word_1_32' title='bbox 919 735 1054 811; x_wconf 91' lang='lat' dir='ltr'>occupat</span> <span class='ocrx_word' id='word_1_33' title='bbox 1075 750 1175 793; x_wconf 92' lang='lat' dir='ltr'>umor.</span> 
     </span>
     <span class='ocr_line' id='line_1_6' title="bbox 261 826 1016 914; baseline 0.003 -22"><span class='ocrx_word' id='word_1_34' title='bbox 261 828 306 892; x_wconf 89' lang='lat' dir='ltr'>sic</span> <span class='ocrx_word' id='word_1_35' title='bbox 328 827 430 914; x_wconf 89' lang='lat' dir='ltr'>igitur</span> <span class='ocrx_word' id='word_1_36' title='bbox 452 826 587 892; x_wconf 84' lang='lat' dir='ltr'>Veneris</span> <span class='ocrx_word' id='word_1_37' title='bbox 609 827 666 913; x_wconf 92' lang='lat' dir='ltr'>qui</span> <span class='ocrx_word' id='word_1_38' title='bbox 688 828 762 892; x_wconf 86' lang='lat' dir='ltr'>telis</span> <span class='ocrx_word' id='word_1_39' title='bbox 784 829 901 914; x_wconf 88' lang='lat' dir='ltr'>accipit</span> <span class='ocrx_word' id='word_1_40' title='bbox 923 829 1016 908; x_wconf 92' lang='lat' dir='ltr'>ictus,</span> 
     </span>
     <span class='ocr_line' id='line_1_7' title="bbox 259 930 1134 1016; baseline 0.003 -21"><span class='ocrx_word' id='word_1_41' title='bbox 259 930 328 996; x_wconf 88' lang='lat' dir='ltr'>sive</span> <span class='ocrx_word' id='word_1_42' title='bbox 350 953 433 1016; x_wconf 90' lang='lat' dir='ltr'>puer</span> <span class='ocrx_word' id='word_1_43' title='bbox 453 930 607 995; x_wconf 85' lang='lat' dir='ltr'>membris</span> <span class='ocrx_word' id='word_1_44' title='bbox 629 931 841 995; x_wconf 86' lang='lat' dir='ltr'>muliebribus</span> <span class='ocrx_word' id='word_1_45' title='bbox 864 933 951 997; x_wconf 95' lang='lat' dir='ltr'>hunc</span> <span class='ocrx_word' id='word_1_46' title='bbox 972 934 1134 998; x_wconf 91' lang='lat' dir='ltr'>iaculatur</span> 
     </span>
     <span class='ocr_line' id='line_1_8' title="bbox 261 1034 1059 1121; baseline 0 -20"><span class='ocrx_word' id='word_1_47' title='bbox 261 1057 318 1103; x_wconf 87' lang='lat' dir='ltr'>seu</span> <span class='ocrx_word' id='word_1_48' title='bbox 340 1034 458 1099; x_wconf 91' lang='lat' dir='ltr'>mulier</span> <span class='ocrx_word' id='word_1_49' title='bbox 478 1041 548 1099; x_wconf 91' lang='lat' dir='ltr'>toto</span> <span class='ocrx_word' id='word_1_50' title='bbox 569 1034 694 1099; x_wconf 87' lang='lat' dir='ltr'>iactans</span> <span class='ocrx_word' id='word_1_51' title='bbox 716 1057 734 1099; x_wconf 91' lang='lat' dir='ltr'>e</span> <span class='ocrx_word' id='word_1_52' title='bbox 758 1057 887 1121; x_wconf 89' lang='lat' dir='ltr'>corpore</span> <span class='ocrx_word' id='word_1_53' title='bbox 908 1059 1059 1114; x_wconf 88' lang='lat' dir='ltr'>amorem,</span> 
     </span>
     <span class='ocr_line' id='line_1_9' title="bbox 261 1138 1383 1225; baseline 0.004 -23"><span class='ocrx_word' id='word_1_54' title='bbox 261 1138 348 1203; x_wconf 91' lang='lat' dir='ltr'>unde</span> <span class='ocrx_word' id='word_1_55' title='bbox 371 1139 494 1215; x_wconf 87' lang='lat' dir='ltr'>feritur,</span> <span class='ocrx_word' id='word_1_56' title='bbox 517 1161 554 1202; x_wconf 92' lang='lat' dir='ltr'>eo</span> <span class='ocrx_word' id='word_1_57' title='bbox 577 1138 684 1203; x_wconf 88' lang='lat' dir='ltr'>tendit</span> <span class='ocrx_word' id='word_1_58' title='bbox 706 1139 872 1225; x_wconf 90' lang='lat' dir='ltr'>gestitque</span> <span class='ocrx_word' id='word_1_59' title='bbox 895 1140 978 1204; x_wconf 91' lang='lat' dir='ltr'>coire</span> <span class='ocrx_word' id='word_1_60' title='bbox 1304 1155 1383 1222; x_wconf 82' lang='lat'>1055</span> 
     </span>
     <span class='ocr_line' id='line_1_10' title="bbox 261 1241 1172 1327; baseline 0 -21"><span class='ocrx_word' id='word_1_61' title='bbox 261 1250 296 1306; x_wconf 90' lang='lat' dir='ltr'>et</span> <span class='ocrx_word' id='word_1_62' title='bbox 317 1243 420 1306; x_wconf 90' lang='lat' dir='ltr'>iacere</span> <span class='ocrx_word' id='word_1_63' title='bbox 442 1264 588 1305; x_wconf 92' lang='lat' dir='ltr'>umorem</span> <span class='ocrx_word' id='word_1_64' title='bbox 609 1241 644 1304; x_wconf 88' lang='lat' dir='ltr'>in</span> <span class='ocrx_word' id='word_1_65' title='bbox 667 1264 781 1326; x_wconf 90' lang='lat' dir='ltr'>corpus</span> <span class='ocrx_word' id='word_1_66' title='bbox 803 1241 843 1305; x_wconf 91' lang='lat' dir='ltr'>de</span> <span class='ocrx_word' id='word_1_67' title='bbox 866 1264 994 1327; x_wconf 91' lang='lat' dir='ltr'>corpore</span> <span class='ocrx_word' id='word_1_68' title='bbox 1018 1242 1172 1324; x_wconf 90' lang='lat' dir='ltr'>ductum;</span> 
     </span>
     <span class='ocr_line' id='line_1_11' title="bbox 261 1345 1071 1431; baseline 0.001 -22"><span class='ocrx_word' id='word_1_69' title='bbox 261 1368 401 1431; x_wconf 90' lang='lat' dir='ltr'>namque</span> <span class='ocrx_word' id='word_1_70' title='bbox 423 1346 625 1430; x_wconf 90' lang='lat' dir='ltr'>voluptatem</span> <span class='ocrx_word' id='word_1_71' title='bbox 647 1345 810 1430; x_wconf 88' lang='lat' dir='ltr'>praesagit</span> <span class='ocrx_word' id='word_1_72' title='bbox 832 1353 925 1409; x_wconf 91' lang='lat' dir='ltr'>muta</span> <span class='ocrx_word' id='word_1_73' title='bbox 947 1346 1071 1431; x_wconf 91' lang='lat' dir='ltr'>cupido.</span> 
     </span>
    </p>

    <p class='ocr_par' dir='ltr' id='par_1_3' title="bbox 259 1448 1387 2992">
     <span class='ocr_line' id='line_1_12' title="bbox 305 1448 1293 1528; baseline 0.001 -15"><span class='ocrx_word' id='word_1_74' title='bbox 305 1451 396 1513; x_wconf 90' lang='lat' dir='ltr'>Haec</span> <span class='ocrx_word' id='word_1_75' title='bbox 418 1450 529 1513; x_wconf 87' lang='lat' dir='ltr'>Venus</span> <span class='ocrx_word' id='word_1_76' title='bbox 552 1457 602 1512; x_wconf 93' lang='lat' dir='ltr'>est</span> <span class='ocrx_word' id='word_1_77' title='bbox 623 1448 735 1527; x_wconf 84' lang='lat' dir='ltr'>nobis3</span> <span class='ocrx_word' id='word_1_78' title='bbox 765 1448 841 1512; x_wconf 90' lang='lat' dir='ltr'>hino</span> <span class='ocrx_word' id='word_1_79' title='bbox 863 1456 1006 1513; x_wconf 76' lang='lat' dir='ltr'><strong>autemst</strong></span> <span class='ocrx_word' id='word_1_80' title='bbox 1028 1472 1146 1513; x_wconf 92' lang='lat' dir='ltr'>nomen</span> <span class='ocrx_word' id='word_1_81' title='bbox 1167 1449 1293 1528; x_wconf 85' lang='lat' dir='ltr'>amoris,</span> 
     </span>
     <span class='ocr_line' id='line_1_13' title="bbox 261 1553 1104 1639; baseline 0 -21"><span class='ocrx_word' id='word_1_82' title='bbox 261 1554 337 1618; x_wconf 88' lang='lat' dir='ltr'>hinc</span> <span class='ocrx_word' id='word_1_83' title='bbox 358 1554 450 1618; x_wconf 89' lang='lat' dir='ltr'>illaec</span> <span class='ocrx_word' id='word_1_84' title='bbox 472 1554 614 1639; x_wconf 88' lang='lat' dir='ltr'>primum</span> <span class='ocrx_word' id='word_1_85' title='bbox 635 1553 771 1617; x_wconf 90' lang='lat' dir='ltr'>Veneris</span> <span class='ocrx_word' id='word_1_86' title='bbox 793 1553 972 1619; x_wconf 79' lang='lat' dir='ltr'>dulcedinis</span> <span class='ocrx_word' id='word_1_87' title='bbox 994 1554 1029 1618; x_wconf 92' lang='lat' dir='ltr'>in</span> <span class='ocrx_word' id='word_1_88' title='bbox 1051 1578 1104 1619; x_wconf 93' lang='lat' dir='ltr'>cor</span> 
     </span>
     <span class='ocr_line' id='line_1_14' title="bbox 261 1657 1387 1744; baseline 0.002 -22"><span class='ocrx_word' id='word_1_89' title='bbox 261 1658 397 1723; x_wconf 71' lang='lat' dir='ltr'>stillavit</span> <span class='ocrx_word' id='word_1_90' title='bbox 419 1666 517 1744; x_wconf 89' lang='lat' dir='ltr'>gutta</span> <span class='ocrx_word' id='word_1_91' title='bbox 539 1665 573 1722; x_wconf 93' lang='lat' dir='ltr'>et</span> <span class='ocrx_word' id='word_1_92' title='bbox 595 1657 747 1721; x_wconf 90' lang='lat' dir='ltr'>successit</span> <span class='ocrx_word' id='word_1_93' title='bbox 771 1657 887 1743; x_wconf 86' lang='lat' dir='ltr'>frigida</span> <span class='ocrx_word' id='word_1_94' title='bbox 909 1680 994 1722; x_wconf 89' lang='lat' dir='ltr'>eura.</span> <span class='ocrx_word' id='word_1_95' title='bbox 1304 1662 1387 1724; x_wconf 88' lang='lat'>1060</span> 
     </span>
     <span class='ocr_line' id='line_1_15' title="bbox 260 1760 1303 1846; baseline 0 -20"><span class='ocrx_word' id='word_1_96' title='bbox 260 1785 336 1826; x_wconf 88' lang='lat' dir='ltr'>nam</span> <span class='ocrx_word' id='word_1_97' title='bbox 359 1761 386 1825; x_wconf 91' lang='lat' dir='ltr'>si</span> <span class='ocrx_word' id='word_1_98' title='bbox 408 1762 499 1826; x_wconf 89' lang='lat' dir='ltr'>abest</span> <span class='ocrx_word' id='word_1_99' title='bbox 522 1760 608 1846; x_wconf 91' lang='lat' dir='ltr'>quod</span> <span class='ocrx_word' id='word_1_100' title='bbox 630 1783 727 1837; x_wconf 89' lang='lat' dir='ltr'>ames,</span> <span class='ocrx_word' id='word_1_101' title='bbox 748 1769 876 1846; x_wconf 90' lang='lat' dir='ltr'>praesto</span> <span class='ocrx_word' id='word_1_102' title='bbox 899 1761 1070 1826; x_wconf 90' lang='lat' dir='ltr'>simulacra</span> <span class='ocrx_word' id='word_1_103' title='bbox 1092 1769 1204 1826; x_wconf 90' lang='lat' dir='ltr'>tamen</span> <span class='ocrx_word' id='word_1_104' title='bbox 1226 1773 1303 1827; x_wconf 88' lang='lat' dir='ltr'>sunt</span> 
     </span>
     <span class='ocr_line' id='line_1_16' title="bbox 260 1864 1051 1931; baseline -0.001 0"><span class='ocrx_word' id='word_1_105' title='bbox 260 1866 348 1931; x_wconf 91' lang='lat' dir='ltr'>illius</span> <span class='ocrx_word' id='word_1_106' title='bbox 370 1873 404 1929; x_wconf 92' lang='lat' dir='ltr'>et</span> <span class='ocrx_word' id='word_1_107' title='bbox 426 1887 544 1929; x_wconf 90' lang='lat' dir='ltr'>nomen</span> <span class='ocrx_word' id='word_1_108' title='bbox 565 1864 659 1928; x_wconf 91' lang='lat' dir='ltr'>dulce</span> <span class='ocrx_word' id='word_1_109' title='bbox 683 1865 872 1928; x_wconf 90' lang='lat' dir='ltr'>obversatur</span> <span class='ocrx_word' id='word_1_110' title='bbox 894 1865 935 1928; x_wconf 90' lang='lat' dir='ltr'>ad</span> <span class='ocrx_word' id='word_1_111' title='bbox 957 1867 1051 1930; x_wconf 90' lang='lat' dir='ltr'>auris.</span> 
     </span>
     <span class='ocr_line' id='line_1_17' title="bbox 260 1968 1124 2056; baseline -0.001 -21"><span class='ocrx_word' id='word_1_112' title='bbox 260 1971 317 2035; x_wconf 93' lang='lat' dir='ltr'>sed</span> <span class='ocrx_word' id='word_1_113' title='bbox 339 1969 478 2056; x_wconf 78' lang='lat' dir='ltr'>fugitare</span> <span class='ocrx_word' id='word_1_114' title='bbox 501 1968 594 2032; x_wconf 88' lang='lat' dir='ltr'>decet</span> <span class='ocrx_word' id='word_1_115' title='bbox 617 1968 787 2032; x_wconf 89' lang='lat' dir='ltr'>simulacra</span> <span class='ocrx_word' id='word_1_116' title='bbox 810 1977 843 2032; x_wconf 92' lang='lat' dir='ltr'>et</span> <span class='ocrx_word' id='word_1_117' title='bbox 866 1969 985 2054; x_wconf 87' lang='lat' dir='ltr'>pabula</span> <span class='ocrx_word' id='word_1_118' title='bbox 1007 1970 1124 2034; x_wconf 89' lang='lat' dir='ltr'>amoris</span> 
     </span>
     <span class='ocr_line' id='line_1_18' title="bbox 260 2074 1105 2160; baseline -0.005 -18"><span class='ocrx_word' id='word_1_119' title='bbox 260 2078 437 2142; x_wconf 70' lang='lat' dir='ltr'>absterrere</span> <span class='ocrx_word' id='word_1_120' title='bbox 460 2075 522 2139; x_wconf 91' lang='lat' dir='ltr'>sibi</span> <span class='ocrx_word' id='word_1_121' title='bbox 545 2082 643 2160; x_wconf 91' lang='lat' dir='ltr'>atque</span> <span class='ocrx_word' id='word_1_122' title='bbox 667 2074 729 2138; x_wconf 87' lang='lat' dir='ltr'>alio</span> <span class='ocrx_word' id='word_1_123' title='bbox 753 2082 937 2138; x_wconf 91' lang='lat' dir='ltr'>convertere</span> <span class='ocrx_word' id='word_1_124' title='bbox 960 2082 1105 2138; x_wconf 90' lang='lat' dir='ltr'>mentem</span> 
     </span>
     <span class='ocr_line' id='line_1_19' title="bbox 261 2178 1382 2264; baseline 0 -21"><span class='ocrx_word' id='word_1_125' title='bbox 261 2187 295 2243; x_wconf 88' lang='lat' dir='ltr'>et</span> <span class='ocrx_word' id='word_1_126' title='bbox 317 2179 420 2243; x_wconf 91' lang='lat' dir='ltr'>iacere</span> <span class='ocrx_word' id='word_1_127' title='bbox 442 2200 588 2241; x_wconf 89' lang='lat' dir='ltr'>umorem</span> <span class='ocrx_word' id='word_1_128' title='bbox 611 2178 792 2241; x_wconf 91' lang='lat' dir='ltr'>conlectum</span> <span class='ocrx_word' id='word_1_129' title='bbox 814 2178 849 2241; x_wconf 92' lang='lat' dir='ltr'>in</span> <span class='ocrx_word' id='word_1_130' title='bbox 873 2200 1004 2263; x_wconf 74' lang='lat' dir='ltr'>corpora</span> <span class='ocrx_word' id='word_1_131' title='bbox 1026 2200 1172 2264; x_wconf 90' lang='lat' dir='ltr'>quaeque</span> <span class='ocrx_word' id='word_1_132' title='bbox 1303 2182 1382 2260; x_wconf 87' lang='lat'>1065</span> 
     </span>
     <span class='ocr_line' id='line_1_20' title="bbox 260 2281 1079 2360; baseline -0.002 -14"><span class='ocrx_word' id='word_1_133' title='bbox 260 2304 320 2346; x_wconf 90' lang='lat' dir='ltr'>nec</span> <span class='ocrx_word' id='word_1_134' title='bbox 342 2281 489 2358; x_wconf 89' lang='lat' dir='ltr'>retinere,</span> <span class='ocrx_word' id='word_1_135' title='bbox 512 2281 610 2344; x_wconf 93' lang='lat' dir='ltr'>semel</span> <span class='ocrx_word' id='word_1_136' title='bbox 633 2302 821 2344; x_wconf 90' lang='lat' dir='ltr'>conversum</span> <span class='ocrx_word' id='word_1_137' title='bbox 844 2281 941 2345; x_wconf 91' lang='lat' dir='ltr'>unius</span> <span class='ocrx_word' id='word_1_138' title='bbox 964 2304 1079 2360; x_wconf 88' lang='lat' dir='ltr'>amore,</span> 
     </span>
     <span class='ocr_line' id='line_1_21' title="bbox 261 2386 1042 2472; baseline -0.003 -19"><span class='ocrx_word' id='word_1_139' title='bbox 261 2397 295 2453; x_wconf 92' lang='lat' dir='ltr'>et</span> <span class='ocrx_word' id='word_1_140' title='bbox 317 2409 442 2452; x_wconf 90' lang='lat' dir='ltr'>servare</span> <span class='ocrx_word' id='word_1_141' title='bbox 465 2387 527 2450; x_wconf 86' lang='lat' dir='ltr'>sibi</span> <span class='ocrx_word' id='word_1_142' title='bbox 549 2409 658 2450; x_wconf 91' lang='lat' dir='ltr'>curam</span> <span class='ocrx_word' id='word_1_143' title='bbox 681 2394 870 2472; x_wconf 90' lang='lat' dir='ltr'>certumque</span> <span class='ocrx_word' id='word_1_144' title='bbox 892 2386 1042 2451; x_wconf 92' lang='lat' dir='ltr'>dolorem.</span> 
     </span>
     <span class='ocr_line' id='line_1_22' title="bbox 261 2489 1043 2558; baseline -0.004 -1"><span class='ocrx_word' id='word_1_145' title='bbox 261 2493 353 2558; x_wconf 92' lang='lat' dir='ltr'>ulcus</span> <span class='ocrx_word' id='word_1_146' title='bbox 375 2491 462 2556; x_wconf 89' lang='lat' dir='ltr'>enim</span> <span class='ocrx_word' id='word_1_147' title='bbox 485 2491 619 2554; x_wconf 83' lang='lat' dir='ltr'>vivescit</span> <span class='ocrx_word' id='word_1_148' title='bbox 642 2498 675 2554; x_wconf 90' lang='lat' dir='ltr'>et</span> <span class='ocrx_word' id='word_1_149' title='bbox 698 2489 906 2554; x_wconf 83' lang='lat' dir='ltr'>inveterascit</span> <span class='ocrx_word' id='word_1_150' title='bbox 927 2490 1043 2554; x_wconf 89' lang='lat' dir='ltr'>alendo</span> 
     </span>
     <span class='ocr_line' id='line_1_23' title="bbox 260 2595 1176 2683; baseline -0.003 -21"><span class='ocrx_word' id='word_1_151' title='bbox 260 2598 359 2683; x_wconf 91' lang='lat' dir='ltr'>inque</span> <span class='ocrx_word' id='word_1_152' title='bbox 381 2597 450 2661; x_wconf 90' lang='lat' dir='ltr'>dies</span> <span class='ocrx_word' id='word_1_153' title='bbox 471 2595 578 2681; x_wconf 86' lang='lat' dir='ltr'>gliscit</span> <span class='ocrx_word' id='word_1_154' title='bbox 601 2597 689 2659; x_wconf 88' lang='lat' dir='ltr'>furor</span> <span class='ocrx_word' id='word_1_155' title='bbox 711 2602 809 2680; x_wconf 93' lang='lat' dir='ltr'>atque</span> <span class='ocrx_word' id='word_1_156' title='bbox 833 2617 988 2659; x_wconf 88' lang='lat' dir='ltr'>aerumna</span> <span class='ocrx_word' id='word_1_157' title='bbox 1009 2595 1176 2681; x_wconf 85' lang='lat' dir='ltr'>gravescit,</span> 
     </span>
     <span class='ocr_line' id='line_1_24' title="bbox 260 2699 1386 2786; baseline 0 -20"><span class='ocrx_word' id='word_1_158' title='bbox 260 2703 288 2767; x_wconf 90' lang='lat' dir='ltr'>si</span> <span class='ocrx_word' id='word_1_159' title='bbox 310 2725 375 2765; x_wconf 95' lang='lat' dir='ltr'>non</span> <span class='ocrx_word' id='word_1_160' title='bbox 396 2702 501 2786; x_wconf 87' lang='lat' dir='ltr'>prima</span> <span class='ocrx_word' id='word_1_161' title='bbox 523 2700 614 2764; x_wconf 90' lang='lat' dir='ltr'>novis</span> <span class='ocrx_word' id='word_1_162' title='bbox 636 2700 808 2764; x_wconf 87' lang='lat' dir='ltr'>conturbes</span> <span class='ocrx_word' id='word_1_163' title='bbox 831 2700 961 2764; x_wconf 90' lang='lat' dir='ltr'>volnera</span> <span class='ocrx_word' id='word_1_164' title='bbox 982 2699 1086 2785; x_wconf 86' lang='lat' dir='ltr'>plagis</span> <span class='ocrx_word' id='word_1_165' title='bbox 1302 2715 1386 2782; x_wconf 89' lang='lat'>1070</span> 
     </span>
     <span class='ocr_line' id='line_1_25' title="bbox 259 2804 1144 2892; baseline -0.002 -22"><span class='ocrx_word' id='word_1_166' title='bbox 259 2805 492 2892; x_wconf 83' lang='lat' dir='ltr'>volgivagaque</span> <span class='ocrx_word' id='word_1_167' title='bbox 515 2826 616 2891; x_wconf 90' lang='lat' dir='ltr'>vagus</span> <span class='ocrx_word' id='word_1_168' title='bbox 638 2804 765 2868; x_wconf 87' lang='lat' dir='ltr'>Venere</span> <span class='ocrx_word' id='word_1_169' title='bbox 788 2811 865 2867; x_wconf 89' lang='lat' dir='ltr'>ante</span> <span class='ocrx_word' id='word_1_170' title='bbox 888 2804 1031 2868; x_wconf 89' lang='lat' dir='ltr'>recentia</span> <span class='ocrx_word' id='word_1_171' title='bbox 1052 2826 1144 2868; x_wconf 90' lang='lat' dir='ltr'>cures</span> 
     </span>
     <span class='ocr_line' id='line_1_26' title="bbox 260 2906 976 2992; baseline -0.004 -19"><span class='ocrx_word' id='word_1_172' title='bbox 260 2917 318 2973; x_wconf 90' lang='lat' dir='ltr'>aut</span> <span class='ocrx_word' id='word_1_173' title='bbox 341 2909 403 2971; x_wconf 89' lang='lat' dir='ltr'>alio</span> <span class='ocrx_word' id='word_1_174' title='bbox 426 2907 527 2992; x_wconf 91' lang='lat' dir='ltr'>possis</span> <span class='ocrx_word' id='word_1_175' title='bbox 549 2906 650 2971; x_wconf 88' lang='lat' dir='ltr'>animi</span> <span class='ocrx_word' id='word_1_176' title='bbox 672 2906 840 2971; x_wconf 88' lang='lat' dir='ltr'>traducere</span> <span class='ocrx_word' id='word_1_177' title='bbox 862 2915 976 2971; x_wconf 88' lang='lat' dir='ltr'>motus.</span> 
     </span>
    </p>

    <p class='ocr_par' dir='ltr' id='par_1_4' title="bbox 259 3009 1379 3616">
     <span class='ocr_line' id='line_1_27' title="bbox 303 3009 1179 3096; baseline -0.002 -21"><span class='ocrx_word' id='word_1_178' title='bbox 303 3012 374 3076; x_wconf 91' lang='lat' dir='ltr'>Nec</span> <span class='ocrx_word' id='word_1_179' title='bbox 396 3010 532 3076; x_wconf 90' lang='lat' dir='ltr'>Veneris</span> <span class='ocrx_word' id='word_1_180' title='bbox 554 3011 661 3074; x_wconf 85' lang='lat' dir='ltr'>fructu</span> <span class='ocrx_word' id='word_1_181' title='bbox 684 3020 772 3075; x_wconf 89' lang='lat' dir='ltr'>caret</span> <span class='ocrx_word' id='word_1_182' title='bbox 794 3009 822 3075; x_wconf 90' lang='lat' dir='ltr'>is</span> <span class='ocrx_word' id='word_1_183' title='bbox 845 3009 901 3096; x_wconf 94' lang='lat' dir='ltr'>qui</span> <span class='ocrx_word' id='word_1_184' title='bbox 923 3010 1007 3074; x_wconf 89' lang='lat' dir='ltr'>vitat</span> <span class='ocrx_word' id='word_1_185' title='bbox 1029 3031 1179 3088; x_wconf 89' lang='lat' dir='ltr'>amorem,</span> 
     </span>
     <span class='ocr_line' id='line_1_28' title="bbox 260 3114 1198 3201; baseline -0.002 -21"><span class='ocrx_word' id='word_1_186' title='bbox 260 3116 316 3181; x_wconf 91' lang='lat' dir='ltr'>sed</span> <span class='ocrx_word' id='word_1_187' title='bbox 338 3115 447 3201; x_wconf 91' lang='lat' dir='ltr'>potius</span> <span class='ocrx_word' id='word_1_188' title='bbox 469 3136 551 3200; x_wconf 91' lang='lat' dir='ltr'>quae</span> <span class='ocrx_word' id='word_1_189' title='bbox 574 3122 651 3179; x_wconf 89' lang='lat' dir='ltr'>sunt</span> <span class='ocrx_word' id='word_1_190' title='bbox 674 3114 742 3179; x_wconf 90' lang='lat' dir='ltr'>sine</span> <span class='ocrx_word' id='word_1_191' title='bbox 764 3137 868 3200; x_wconf 87' lang='lat' dir='ltr'>poena</span> <span class='ocrx_word' id='word_1_192' title='bbox 891 3115 1057 3179; x_wconf 90' lang='lat' dir='ltr'>commoda</span> <span class='ocrx_word' id='word_1_193' title='bbox 1078 3115 1198 3194; x_wconf 90' lang='lat' dir='ltr'>sumit;</span> 
     </span>
     <span class='ocr_line' id='line_1_29' title="bbox 259 3218 1379 3304; baseline 0.002 -20"><span class='ocrx_word' id='word_1_194' title='bbox 259 3239 335 3284; x_wconf 88' lang='lat' dir='ltr'>nam</span> <span class='ocrx_word' id='word_1_195' title='bbox 358 3228 443 3284; x_wconf 89' lang='lat' dir='ltr'>certe</span> <span class='ocrx_word' id='word_1_196' title='bbox 465 3227 578 3304; x_wconf 86' lang='lat' dir='ltr'>purast</span> <span class='ocrx_word' id='word_1_197' title='bbox 601 3219 686 3283; x_wconf 89' lang='lat' dir='ltr'>sanis</span> <span class='ocrx_word' id='word_1_198' title='bbox 708 3218 812 3304; x_wconf 89' lang='lat' dir='ltr'>magis</span> <span class='ocrx_word' id='word_1_199' title='bbox 834 3219 910 3282; x_wconf 91' lang='lat' dir='ltr'>inde</span> <span class='ocrx_word' id='word_1_200' title='bbox 933 3219 1083 3303; x_wconf 90' lang='lat' dir='ltr'>voluptas</span> <span class='ocrx_word' id='word_1_201' title='bbox 1300 3237 1379 3304; x_wconf 86' lang='lat'>1075</span> 
     </span>
     <span class='ocr_line' id='line_1_30' title="bbox 260 3321 1147 3409; baseline -0.001 -22"><span class='ocrx_word' id='word_1_202' title='bbox 260 3347 358 3409; x_wconf 89' lang='lat' dir='ltr'>quam</span> <span class='ocrx_word' id='word_1_203' title='bbox 379 3323 511 3386; x_wconf 87' lang='lat' dir='ltr'>miseris</span> <span class='ocrx_word' id='word_1_204' title='bbox 536 3322 658 3386; x_wconf 92' lang='lat' dir='ltr'>etenim</span> <span class='ocrx_word' id='word_1_205' title='bbox 680 3321 830 3407; x_wconf 88' lang='lat' dir='ltr'>potiundi</span> <span class='ocrx_word' id='word_1_206' title='bbox 853 3330 998 3407; x_wconf 91' lang='lat' dir='ltr'>tempore</span> <span class='ocrx_word' id='word_1_207' title='bbox 1020 3321 1056 3385; x_wconf 92' lang='lat' dir='ltr'>in</span> <span class='ocrx_word' id='word_1_208' title='bbox 1078 3321 1147 3407; x_wconf 92' lang='lat' dir='ltr'>ipso</span> 
     </span>
     <span class='ocr_line' id='line_1_31' title="bbox 259 3425 1038 3490; baseline -0.003 0"><span class='ocrx_word' id='word_1_209' title='bbox 259 3426 397 3490; x_wconf 87' lang='lat' dir='ltr'>fluctuat</span> <span class='ocrx_word' id='word_1_210' title='bbox 419 3425 549 3489; x_wconf 91' lang='lat' dir='ltr'>incertis</span> <span class='ocrx_word' id='word_1_211' title='bbox 572 3425 731 3489; x_wconf 90' lang='lat' dir='ltr'>erroribus</span> <span class='ocrx_word' id='word_1_212' title='bbox 754 3425 847 3489; x_wconf 91' lang='lat' dir='ltr'>ardor</span> <span class='ocrx_word' id='word_1_213' title='bbox 869 3434 1038 3489; x_wconf 87' lang='lat' dir='ltr'>amantum</span> 
     </span>
     <span class='ocr_line' id='line_1_32' title="bbox 259 3530 1272 3616; baseline 0.002 -22"><span class='ocrx_word' id='word_1_214' title='bbox 259 3554 318 3596; x_wconf 91' lang='lat' dir='ltr'>nec</span> <span class='ocrx_word' id='word_1_215' title='bbox 340 3538 466 3596; x_wconf 91' lang='lat' dir='ltr'>constat</span> <span class='ocrx_word' id='word_1_216' title='bbox 489 3530 568 3616; x_wconf 91' lang='lat' dir='ltr'>quid</span> <span class='ocrx_word' id='word_1_217' title='bbox 589 3531 731 3616; x_wconf 91' lang='lat' dir='ltr'>primum</span> <span class='ocrx_word' id='word_1_218' title='bbox 755 3530 854 3595; x_wconf 90' lang='lat' dir='ltr'>oculis</span> <span class='ocrx_word' id='word_1_219' title='bbox 876 3530 1091 3616; x_wconf 89' lang='lat' dir='ltr'>manibusque</span> <span class='ocrx_word' id='word_1_220' title='bbox 1115 3532 1272 3596; x_wconf 85' lang='lat' dir='ltr'>fruantur.</span> 
     </span>
    </p>
   </div>
   <div class='ocr_carea' id='block_1_3' title="bbox 120 3741 1382 4463">
    <p class='ocr_par' dir='ltr' id='par_1_5' title="bbox 120 3741 1382 4463">
     <span class='ocr_line' id='line_1_33' title="bbox 170 3741 1378 3797; baseline 0.005 -6"><span class='ocrx_word' id='word_1_221' title='bbox 170 3743 236 3791; x_wconf 81' lang='lat' dir='ltr'>Mar.</span> <span class='ocrx_word' id='word_1_222' title='bbox 259 3741 317 3791; x_wconf 86' lang='lat' dir='ltr'>Ald.</span> <span class='ocrx_word' id='word_1_223' title='bbox 341 3743 354 3790; x_wconf 98' lang='grc'>1</span> <span class='ocrx_word' id='word_1_224' title='bbox 378 3742 450 3791; x_wconf 88' lang='lat' dir='ltr'>Junt.</span> <span class='ocrx_word' id='word_1_225' title='bbox 473 3742 512 3790; x_wconf 85' lang='lat' dir='ltr'>for</span> <span class='ocrx_word' id='word_1_226' title='bbox 535 3745 632 3792; x_wconf 72' lang='lat' dir='ltr'>adtira.</span> <span class='ocrx_word' id='word_1_227' title='bbox 772 3742 942 3793; x_wconf 80' lang='lat'>1047=1034.</span> <span class='ocrx_word' id='word_1_228' title='bbox 1083 3744 1147 3795; x_wconf 83' lang='grc'><strong>1057</strong></span> <span class='ocrx_word' id='word_1_229' title='bbox 1173 3752 1244 3794; x_wconf 82' lang='lat' dir='ltr'>muta</span> <span class='ocrx_word' id='word_1_230' title='bbox 1265 3746 1288 3794; x_wconf 83' lang='lat' dir='ltr'>A</span> <span class='ocrx_word' id='word_1_231' title='bbox 1310 3745 1378 3797; x_wconf 85' lang='lat' dir='ltr'>Nico.</span> 
     </span>
     <span class='ocr_line' id='line_1_34' title="bbox 170 3823 1377 3889; baseline 0.005 -17"><span class='ocrx_word' id='word_1_232' title='bbox 170 3824 240 3873; x_wconf 85' lang='lat' dir='ltr'>Flor.</span> <span class='ocrx_word' id='word_1_233' title='bbox 258 3825 289 3873; x_wconf 78' lang='lat'>31</span> <span class='ocrx_word' id='word_1_234' title='bbox 307 3823 396 3873; x_wconf 79' lang='lat' dir='ltr'>(lamb.</span> <span class='ocrx_word' id='word_1_235' title='bbox 414 3825 485 3873; x_wconf 90' lang='lat' dir='ltr'>Mon.</span> <span class='ocrx_word' id='word_1_236' title='bbox 504 3824 546 3873; x_wconf 89' lang='lat' dir='ltr'>old</span> <span class='ocrx_word' id='word_1_237' title='bbox 563 3824 616 3874; x_wconf 84' lang='lat' dir='ltr'>eds.</span> <span class='ocrx_word' id='word_1_238' title='bbox 634 3823 708 3872; x_wconf 86' lang='lat' dir='ltr'>Junt.</span> <span class='ocrx_word' id='word_1_239' title='bbox 823 3826 904 3873; x_wconf 78' lang='lat' dir='ltr'>multo</span> <span class='ocrx_word' id='word_1_240' title='bbox 919 3824 942 3872; x_wconf 92' lang='lat' dir='ltr'>B</span> <span class='ocrx_word' id='word_1_241' title='bbox 959 3823 1055 3874; x_wconf 79' lang='lat' dir='ltr'>Avario.</span> <span class='ocrx_word' id='word_1_242' title='bbox 1072 3825 1184 3887; x_wconf 81' lang='lat' dir='ltr'>Nauger.</span> <span class='ocrx_word' id='word_1_243' title='bbox 1201 3827 1293 3876; x_wconf 84' lang='lat' dir='ltr'>Lamb.</span> <span class='ocrx_word' id='word_1_244' title='bbox 1311 3828 1377 3889; x_wconf 79' lang='lat' dir='ltr'>vulg.</span> 
     </span>
     <span class='ocr_line' id='line_1_35' title="bbox 170 3905 1381 3973; baseline 0.007 -17"><span class='ocrx_word' id='word_1_245' title='bbox 170 3906 258 3956; x_wconf 78' lang='lat' dir='ltr'>before</span> <span class='ocrx_word' id='word_1_246' title='bbox 278 3905 358 3955; x_wconf 76' lang='lat' dir='ltr'>Lech.</span> <span class='ocrx_word' id='word_1_247' title='bbox 555 3907 731 3956; x_wconf 75' lang='grc'><strong>1058101161.</strong></span> <span class='ocrx_word' id='word_1_248' title='bbox 772 3922 866 3956; x_wconf 74' lang='grc'><strong>1110111111</strong></span> <span class='ocrx_word' id='word_1_249' title='bbox 887 3906 966 3958; x_wconf 85' lang='lat' dir='ltr'>Lach.</span> <span class='ocrx_word' id='word_1_250' title='bbox 987 3911 1056 3958; x_wconf 87' lang='lat' dir='ltr'>most</span> <span class='ocrx_word' id='word_1_251' title='bbox 1078 3907 1262 3973; x_wconf 80' lang='lat' dir='ltr'>unpoetically;</span> <span class='ocrx_word' id='word_1_252' title='bbox 1286 3913 1381 3963; x_wconf 83' lang='lat' dir='ltr'>Oreech</span> 
     </span>
     <span class='ocr_line' id='line_1_36' title="bbox 170 3987 1380 4060; baseline 0.011 -24"><span class='ocrx_word' id='word_1_253' title='bbox 170 4002 242 4037; x_wconf 89' lang='lat' dir='ltr'>more</span> <span class='ocrx_word' id='word_1_254' title='bbox 270 3988 407 4051; x_wconf 80' lang='lat' dir='ltr'>elegantly‚</span> <span class='ocrx_word' id='word_1_255' title='bbox 430 3987 477 4038; x_wconf 91' lang='lat' dir='ltr'>but</span> <span class='ocrx_word' id='word_1_256' title='bbox 499 3987 610 4038; x_wconf 83' lang='lat' dir='ltr'>without</span> <span class='ocrx_word' id='word_1_257' title='bbox 636 3989 774 4052; x_wconf 87' lang='lat' dir='ltr'>necessity,</span> <span class='ocrx_word' id='word_1_258' title='bbox 796 4005 900 4040; x_wconf 79' lang='lat' dir='ltr'>acmen:</span> <span class='ocrx_word' id='word_1_259' title='bbox 932 4005 975 4040; x_wconf 88' lang='lat' dir='ltr'>see</span> <span class='ocrx_word' id='word_1_260' title='bbox 1001 3991 1091 4041; x_wconf 80' lang='lat' dir='ltr'>Camb.</span> <span class='ocrx_word' id='word_1_261' title='bbox 1114 3993 1205 4044; x_wconf 85' lang='lat' dir='ltr'>Joum.</span> <span class='ocrx_word' id='word_1_262' title='bbox 1229 3998 1257 4046; x_wconf 80' lang='lat' dir='ltr'>of</span> <span class='ocrx_word' id='word_1_263' title='bbox 1283 3997 1348 4060; x_wconf 86' lang='lat' dir='ltr'>phil.</span> <span class='ocrx_word' id='word_1_264' title='bbox 1370 4011 1380 4048; x_wconf 85' lang='lat'>1</span> 
     </span>
     <span class='ocr_line' id='line_1_37' title="bbox 171 4068 1381 4136; baseline 0.009 -17"><span class='ocrx_word' id='word_1_265' title='bbox 171 4086 197 4132; x_wconf 93' lang='lat' dir='ltr'>p.</span> <span class='ocrx_word' id='word_1_266' title='bbox 216 4072 256 4120; x_wconf 77' lang='lat'>35.</span> <span class='ocrx_word' id='word_1_267' title='bbox 297 4068 378 4119; x_wconf 84' lang='lat' dir='ltr'>Lech.</span> <span class='ocrx_word' id='word_1_268' title='bbox 399 4070 455 4119; x_wconf 85' lang='lat' dir='ltr'>also</span> <span class='ocrx_word' id='word_1_269' title='bbox 476 4070 505 4118; x_wconf 92' lang='lat' dir='ltr'>in</span> <span class='ocrx_word' id='word_1_270' title='bbox 528 4069 573 4120; x_wconf 90' lang='lat' dir='ltr'>the</span> <span class='ocrx_word' id='word_1_271' title='bbox 595 4074 657 4119; x_wconf 88' lang='lat' dir='ltr'>next</span> <span class='ocrx_word' id='word_1_272' title='bbox 676 4086 748 4120; x_wconf 85' lang='lat' dir='ltr'>verse</span> <span class='ocrx_word' id='word_1_273' title='bbox 765 4072 880 4134; x_wconf 84' lang='lat' dir='ltr'>wrongly</span> <span class='ocrx_word' id='word_1_274' title='bbox 897 4075 960 4136; x_wconf 85' lang='lat' dir='ltr'>puts</span> <span class='ocrx_word' id='word_1_275' title='bbox 982 4074 1068 4136; x_wconf 83' lang='lat' dir='ltr'>astop</span> <span class='ocrx_word' id='word_1_276' title='bbox 1091 4078 1118 4125; x_wconf 84' lang='lat' dir='ltr'>at</span> <span class='ocrx_word' id='word_1_277' title='bbox 1139 4077 1223 4126; x_wconf 80' lang='lat' dir='ltr'>illaec.</span> <span class='ocrx_word' id='word_1_278' title='bbox 1264 4080 1381 4132; x_wconf 76' lang='lat' dir='ltr'>illaecA</span> 
     </span>
     <span class='ocr_line' id='line_1_38' title="bbox 170 4151 1379 4213; baseline 0.008 -10"><span class='ocrx_word' id='word_1_279' title='bbox 170 4168 235 4203; x_wconf 87' lang='grc'><strong>6011,</strong></span> <span class='ocrx_word' id='word_1_280' title='bbox 254 4154 294 4202; x_wconf 78' lang='lat' dir='ltr'>for</span> <span class='ocrx_word' id='word_1_281' title='bbox 313 4154 357 4202; x_wconf 70' lang='lat' dir='ltr'>illc</span> <span class='ocrx_word' id='word_1_282' title='bbox 376 4151 406 4212; x_wconf 73' lang='lat' dir='ltr'>A,</span> <span class='ocrx_word' id='word_1_283' title='bbox 427 4154 475 4202; x_wconf 78' lang='lat' dir='ltr'>illa</span> <span class='ocrx_word' id='word_1_284' title='bbox 494 4155 525 4202; x_wconf 93' lang='lat' dir='ltr'>B.</span> <span class='ocrx_word' id='word_1_285' title='bbox 570 4156 646 4203; x_wconf 80' lang='lat' dir='ltr'>illaec</span> <span class='ocrx_word' id='word_1_286' title='bbox 663 4154 734 4203; x_wconf 87' lang='lat' dir='ltr'>Nico.</span> <span class='ocrx_word' id='word_1_287' title='bbox 755 4169 805 4204; x_wconf 87' lang='lat' dir='ltr'>one</span> <span class='ocrx_word' id='word_1_288' title='bbox 824 4154 883 4205; x_wconf 85' lang='lat' dir='ltr'>Vat.</span> <span class='ocrx_word' id='word_1_289' title='bbox 927 4157 976 4205; x_wconf 80' lang='lat' dir='ltr'>illc</span> <span class='ocrx_word' id='word_1_290' title='bbox 995 4164 1020 4206; x_wconf 81' lang='lat' dir='ltr'>et</span> <span class='ocrx_word' id='word_1_291' title='bbox 1039 4158 1109 4206; x_wconf 86' lang='lat' dir='ltr'>Flor.</span> <span class='ocrx_word' id='word_1_292' title='bbox 1128 4159 1159 4207; x_wconf 84' lang='lat'>31</span> <span class='ocrx_word' id='word_1_293' title='bbox 1178 4159 1268 4210; x_wconf 77' lang='lat' dir='ltr'>camb.</span> <span class='ocrx_word' id='word_1_294' title='bbox 1287 4163 1303 4211; x_wconf 82' lang='lat'>8</span> <span class='ocrx_word' id='word_1_295' title='bbox 1322 4161 1379 4213; x_wconf 71' lang='lat' dir='ltr'>vu.</span> 
     </span>
     <span class='ocr_line' id='line_1_39' title="bbox 170 4233 1381 4306; baseline 0.006 -24"><span class='ocrx_word' id='word_1_296' title='bbox 170 4234 246 4283; x_wconf 88' lang='lat' dir='ltr'>Pont.</span> <span class='ocrx_word' id='word_1_297' title='bbox 378 4235 443 4283; x_wconf 91' lang='grc'><strong>1060</strong></span> <span class='ocrx_word' id='word_1_298' title='bbox 454 4236 565 4297; x_wconf 69' lang='lat' dir='ltr'>srv&#39;qida</span> <span class='ocrx_word' id='word_1_299' title='bbox 594 4236 700 4298; x_wconf 78' lang='lat' dir='ltr'>fervida</span> <span class='ocrx_word' id='word_1_300' title='bbox 711 4233 777 4284; x_wconf 83' lang='lat' dir='ltr'>Mar.</span> <span class='ocrx_word' id='word_1_301' title='bbox 790 4235 863 4285; x_wconf 81' lang='lat' dir='ltr'>Junt.</span> <span class='ocrx_word' id='word_1_302' title='bbox 877 4235 935 4301; x_wconf 80' lang='lat' dir='ltr'>(not</span> <span class='ocrx_word' id='word_1_303' title='bbox 945 4235 1067 4298; x_wconf 82' lang='lat' dir='ltr'>Nauger.)</span> <span class='ocrx_word' id='word_1_304' title='bbox 1081 4237 1186 4286; x_wconf 82' lang='lat' dir='ltr'>Greech.</span> <span class='ocrx_word' id='word_1_305' title='bbox 1319 4240 1381 4306; x_wconf 82' lang='grc'><strong>1001</strong></span> 
     </span>
     <span class='ocr_line' id='line_1_40' title="bbox 170 4315 1382 4388; baseline 0.007 -22"><span class='ocrx_word' id='word_1_306' title='bbox 170 4333 244 4367; x_wconf 81' lang='lat' dir='ltr'>amec.</span> <span class='ocrx_word' id='word_1_307' title='bbox 285 4331 342 4365; x_wconf 80' lang='lat' dir='ltr'>ovea</span> <span class='ocrx_word' id='word_1_308' title='bbox 359 4315 439 4365; x_wconf 78' lang='lat' dir='ltr'>Lech.</span> <span class='ocrx_word' id='word_1_309' title='bbox 451 4315 562 4366; x_wconf 86' lang='lat' dir='ltr'>without</span> <span class='ocrx_word' id='word_1_310' title='bbox 576 4316 715 4379; x_wconf 82' lang='lat' dir='ltr'>necessity:</span> <span class='ocrx_word' id='word_1_311' title='bbox 735 4331 777 4366; x_wconf 86' lang='lat' dir='ltr'>see</span> <span class='ocrx_word' id='word_1_312' title='bbox 788 4319 864 4366; x_wconf 86' lang='lat' dir='ltr'>notes</span> <span class='ocrx_word' id='word_1_313' title='bbox 875 4320 899 4367; x_wconf 85' lang='lat'>2.</span> <span class='ocrx_word' id='word_1_314' title='bbox 999 4318 1063 4368; x_wconf 88' lang='lat'>1065</span> <span class='ocrx_word' id='word_1_315' title='bbox 1081 4320 1217 4369; x_wconf 76' lang='lat' dir='ltr'>conlectum</span> <span class='ocrx_word' id='word_1_316' title='bbox 1235 4319 1382 4388; x_wconf 68' lang='lat' dir='ltr'>(culleum)</span> 
     </span>
     <span class='ocr_line' id='line_1_41' title="bbox 120 4398 1377 4463; baseline 0.007 -15"><span class='ocrx_word' id='word_1_317' title='bbox 120 4427 122 4431; x_wconf 94' lang='lat'>·</span> <span class='ocrx_word' id='word_1_318' title='bbox 171 4398 720 4451; x_wconf 69' lang='grc'><strong>111111.1111111.011111101111111111.</strong></span> <span class='ocrx_word' id='word_1_319' title='bbox 754 4408 895 4463; x_wconf 70' lang='lat' dir='ltr'>conuectum</span> <span class='ocrx_word' id='word_1_320' title='bbox 904 4400 1001 4451; x_wconf 84' lang='lat' dir='ltr'>Avanc.</span> <span class='ocrx_word' id='word_1_321' title='bbox 1013 4404 1041 4452; x_wconf 84' lang='lat' dir='ltr'>at</span> <span class='ocrx_word' id='word_1_322' title='bbox 1053 4401 1104 4452; x_wconf 85' lang='lat' dir='ltr'>end</span> <span class='ocrx_word' id='word_1_323' title='bbox 1115 4401 1144 4453; x_wconf 85' lang='grc'>01</span> <span class='ocrx_word' id='word_1_324' title='bbox 1154 4401 1282 4457; x_wconf 64' lang='lat' dir='ltr'>cernuus.</span> <span class='ocrx_word' id='word_1_325' title='bbox 1373 4418 1377 4429; x_wconf 93' lang='grc'><strong><em>·</em></strong></span> 
     </span>
    </p>
   </div>
   <div class='ocr_carea' id='block_1_4' title="bbox 0 0 1426 4860">
    <p class='ocr_par' dir='ltr' id='par_1_6' title="bbox 0 0 1426 4860">
     <span class='ocr_line' id='line_1_42' title="bbox 0 0 1426 4860; baseline 0 0"><span class='ocrx_word' id='word_1_326' title='bbox 0 0 1426 4860; x_wconf 95' lang='lat' dir='ltr'> </span> 
     </span>
    </p>
   </div>
  </div>
 </body>
</html>
