2842 4860
607 252 657 319 IV

114 437 211 502 saepe
233 422 346 481 tamen
368 413 621 480 summittuntur
642 411 783 499 virisque
804 411 977 478 resolvunt.

115 518 233 584 deinde
256 518 365 584 cibum
387 517 537 605 sequitur
557 539 697 595 somnus,
719 516 804 602 quia,
828 537 911 601 quae
933 513 1012 580 facit
1034 536 1097 592 aer,

114 623 195 688 haec
217 623 331 688 eadem
353 622 453 701 cibus,
476 621 511 686 in
533 644 631 687 venas
654 621 733 687 dum
755 620 879 685 diditur
900 619 1012 698 omnis,
1173 631 1235 699 955

115 727 224 793 efficit.
261 734 296 792 et
317 726 422 791 multo
444 747 539 811 sopor
559 725 614 790 ille
638 724 846 812 gravissimus
868 731 975 790 exstat

116 854 214 918 quem
236 839 328 896 satur
348 838 408 894 aut
429 830 532 894 lassus
554 828 669 914 capias,
691 828 769 914 quia
789 827 930 914 plurima
951 836 1024 892 tum
1046 848 1080 892 se

116 956 249 1020 corpora
270 932 466 998 conturbant
487 953 605 1019 magno
627 938 762 997 contusa
783 931 899 996 labore.

116 1037 156 1102 fit
178 1037 304 1103 ratione
326 1037 440 1102 eadem
462 1036 626 1102 coniectus
648 1035 769 1122 partim
791 1034 912 1100 animai

117 1143 214 1208 altior
236 1151 335 1228 atquc
358 1144 441 1207 foras
463 1141 586 1207 eiectus
608 1141 727 1229 largior
747 1141 826 1218 eius,

118 1252 152 1310 et
174 1244 307 1310 divisior
327 1245 415 1310 inter
436 1267 470 1309 se
493 1267 530 1309 ac
552 1243 735 1309 distractior
756 1242 791 1306 in
813 1249 887 1307 test.

161 1348 205 1412 Et
227 1370 291 1433 quo
314 1347 449 1433 quisque
472 1347 538 1411 fere
561 1345 669 1410 studio
691 1344 861 1410 devinctus
882 1344 1038 1409 adhaeret

117 1459 176 1516 aut
199 1451 318 1536 quibus
340 1450 375 1515 in
397 1451 493 1516 rebus
515 1451 658 1514 multum
681 1472 793 1513 sumus
814 1456 891 1513 ante
914 1446 1031 1512 morati

118 1561 217 1640 atque
239 1554 275 1618 in
297 1577 336 1619 ea
357 1553 481 1619 ratione
504 1553 567 1618 fuit
590 1561 743 1618 contenta
764 1553 867 1640 magis
889 1574 989 1630 mens,

119 1657 153 1722 in
175 1657 295 1723 somnis
317 1658 431 1722 eadem
455 1657 646 1743 plerumque
669 1657 817 1722 videmur
838 1656 946 1737 obire3

120 1761 271 1827 causidici
294 1784 405 1826 causas
428 1784 523 1848 agere
546 1769 580 1826 et
602 1783 790 1847 componere
813 1761 910 1847 leges,

118 1865 361 1951 induperatores
384 1887 528 1953 pugnare
552 1887 589 1929 ac
610 1865 733 1950 proelia
755 1865 852 1943 obire,

118 1980 238 2036 nautae
261 1978 462 2036 contractum
486 1993 559 2034 curn
582 1970 689 2034 ventis
711 1970 827 2056 degere
850 1970 981 2047 bellum,

119 2096 176 2138 nos
198 2097 294 2161 agere
317 2073 378 2138 hoc
400 2081 512 2137 autem
534 2081 568 2137 et
590 2080 741 2136 naturam
764 2095 917 2159 quaerere
939 2095 1047 2137 rerum

120 2199 246 2264 semper
267 2185 302 2242 et
324 2177 493 2242 inventam
516 2176 630 2261 patriis
652 2199 811 2262 exponere
834 2176 959 2241 chartis.

120 2290 227 2346 cetera
250 2281 295 2346 sic
316 2281 425 2345 studia
448 2288 547 2366 atque
570 2288 656 2345 artes
679 2281 869 2366 plerumque
892 2279 1045 2345 videntur

119 2385 154 2450 in
176 2385 296 2451 somnis
318 2384 442 2449 animos
465 2383 634 2448 hominum
657 2385 811 2448 frustrata
833 2392 952 2450 tenere.

119 2500 153 2556 et
176 2491 372 2577 quicumque
396 2487 464 2553 dies
486 2488 607 2552 multos
630 2511 670 2552 ex
692 2488 803 2553 ordine
826 2488 910 2553 ludis

119 2596 269 2661 adsiduas
292 2594 452 2658 dederunt
476 2615 595 2678 operas,
618 2593 809 2678 plerumque
831 2593 987 2672 videmus,

119 2723 193 2765 cum
214 2700 280 2764 iam
303 2698 499 2763 destiterunt
523 2719 562 2761 ea
584 2696 732 2761 sensibus
754 2719 918 2782 usurpare,

118 2805 255 2870 relicuas
276 2812 388 2868 tamen
411 2824 479 2866 esse
502 2800 570 2866 vias
593 2801 628 2864 in
649 2809 760 2865 mente
784 2801 936 2886 patentis,

119 2931 184 2994 qua
207 2907 330 2993 possint
352 2905 466 2969 eadem
489 2926 597 2968 rerum
620 2903 791 2969 simulacra
812 2903 930 2970 venire.

119 3038 178 3100 per
199 3013 319 3077 multos
342 3011 454 3097 itaque
476 3008 533 3074 illa
555 3008 623 3073 dies
646 3009 760 3072 eadem
782 3008 993 3074 obversantur

119 3126 196 3183 ante
219 3116 334 3192 0011101,
358 3114 457 3178 etiam
480 3112 654 3200 vigilantes
676 3119 714 3175 ut
738 3111 911 3176 videantur

120 3239 248 3282 cernere
271 3214 419 3280 saltantis
442 3223 477 3279 et
499 3213 610 3277 mollia
631 3213 778 3278 membra
800 3213 960 3279 moventis

122 3328 156 3384 et
178 3319 320 3383 citharae
343 3317 502 3403 liquidum
525 3339 654 3381 carmen
676 3316 871 3402 chordasque
894 3317 1055 3402 loquentis

120 3422 252 3487 auribus
274 3422 417 3507 accipere
440 3431 475 3488 et
497 3443 680 3488 consessum
702 3443 832 3486 cernere
855 3422 996 3486 eundem

121 3526 291 3612 scenaique
314 3526 410 3591 simul
432 3527 536 3592 varios
558 3525 726 3612 splendere
749 3525 885 3594 decores

71 3760 114 3810 epe
127 3751 207 3792 tamae
220 3745 277 3807 [not
290 3745 369 3806 tama]
380 3747 578 3794 summittatur.
612 3743 695 3793 Tama
709 3742 772 3806 quid
788 3743 823 3792 sit
838 3743 912 3793 docet
923 3743 1023 3804 Festus,
1036 3744 1173 3796 cubantem
1182 3761 1244 3797 vero

71 3842 133 3879 nam
150 3825 216 3874 dixit
233 3825 303 3888 quod
318 3825 438 3876 deorsum
455 3827 489 3876 ad
503 3826 582 3890 pedes
594 3827 693 3879 tendat.
709 3827 746 3877 sic
761 3827 830 3877 infra
843 3830 965 3878 cubantia
981 3835 1055 3878 tecta.
1084 3829 1160 3895 ¹Idem
1173 3845 1244 3881 error

71 3911 103 3960 ud
115 3908 231 3958 Nonium
243 3908 272 3957 in
284 3924 359 3958 versu
370 3908 466 3959 Lucilii
478 3909 505 3958 in
517 3925 579 3959 voce
591 3912 699 3973 differre,
714 3911 760 3960 ubi
771 3926 817 3974 pro
828 3919 896 3961 tama
906 3911 1001 3974 legitur
1012 3911 1115 3961 tamen’.

71 3992 654 4058 15910111010011.10110111ι0011111918.
685 4010 761 4058 porro
774 3995 839 4044 Mar.
851 3993 1023 4044 Alleunt.
1035 3993 1103 4056 vulg.
1193 3996 1241 4046 961

75 4083 122 4125 test
133 4073 183 4122 Ed,
196 4075 236 4123 101
248 4077 333 4124 intas:
351 4091 378 4125 vr
390 4076 438 4127 674
450 4078 495 4138 qai
506 4078 586 4125 oiisua
598 4090 661 4124 mss.
675 4076 715 4125 101
730 4079 815 4139 quivis
827 4084 880 4127 est:
898 4090 982 4138 comp.
995 4077 1043 4128 916
1055 4076 1108 4127 and
1122 4076 1179 4137 946,
1191 4078 1244 4130 and

71 4157 240 4222 1101111957.
275 4156 438 4207 actasLach.
547 4158 594 4207 962
613 4159 834 4221 qao...deviactaa
867 4161 1078 4223 quo...dejaactus
1095 4159 1243 4212 MonVen.

71 4240 218 4290 11111111.
254 4242 477 4303 quoi...deoiactar
494 4240 586 4289 Lamb.
604 4239 714 4290 without
731 4256 832 4291 reason.
963 4243 1012 4293 964
1028 4245 1058 4292 ia
1074 4258 1112 4295 ea.
1148 4245 1177 4294 ia
1193 4259 1244 4307 qua

71 4337 100 4373 u.
112 4322 187 4372 Junt.
199 4323 267 4385 vulg.
282 4323 403 4384 wrongly.
522 4324 571 4374 968
589 4325 684 4387 decere.
718 4340 816 4375 cernere
832 4325 924 4378 Lamb.
1042 4327 1244 4377 9820010111

71 4406 190 4459 11111111.
208 4406 250 4456 101
267 4421 416 4459 consectam.
562 4409 611 4459 983
629 4409 770 4473 scenaique
786 4407 859 4460 Bria.
874 4411 916 4472 (1),
928 4409 1005 4460 Pont.
1015 4408 1100 4461 alul
1118 4409 1192 4461 dunt.
1203 4410 1245 4463 101
