2842 4860
749 269 799 333 IV

254 441 289 499 et
310 433 433 500 variare
455 432 527 499 viae
548 430 682 519 proinde
704 453 742 496 ac
764 438 896 497 textura
917 439 1049 497 coercet.

253 537 314 602 hoc
335 536 394 601 ubi
415 536 501 623 quod
522 558 621 600 suave
643 542 693 600 θεὴ
715 533 787 599 aliis
809 534 881 599 aliis
903 536 941 600 fit
963 557 1118 614 amarum,
1208 602 1211 608 ,

253 638 310 718 illi,
332 639 385 705 cui
407 661 505 703 suave
528 644 586 715 est,
609 635 771 702 levissima
792 659 922 722 corpora
943 638 1065 703 debent

253 741 529 809 contractabiliter
550 740 659 806 caulas
680 739 801 804 intrare
824 740 935 826 palati,

253 853 289 911 at
310 852 422 911 contra
444 844 563 930 quibus
585 850 635 908 est
657 842 770 907 eadem
792 865 843 907 res
864 842 954 908 intus
976 843 1099 922 acerba,

180 1019 182 1023 ,
253 972 367 1036 aspera
387 949 542 1014 nimirum
564 955 738 1034 penetrant
760 947 956 1034 hamataque
978 950 1094 1014 fauces.

253 1075 340 1117 nunc
361 1052 454 1118 facile
477 1059 528 1117 est
550 1074 590 1116 ex
612 1051 663 1116 his
685 1051 781 1116 rebus
804 1074 991 1139 cognoscere
1014 1073 1170 1138 quaeque.

253 1155 373 1242 quippe
396 1155 455 1219 ubi
476 1153 529 1219 cui
552 1153 649 1218 febris
670 1152 730 1217 bili
752 1162 925 1238 superante
948 1161 1056 1218 coorta
1077 1161 1128 1219 est

252 1272 311 1326 aut
333 1260 398 1325 alia
418 1259 542 1325 ratione
564 1258 705 1344 aliquast
726 1257 775 1322 vis
797 1258 904 1323 excita
924 1258 1037 1338 morbi,

252 1365 463 1451 perturbatur
483 1363 531 1428 ibi
552 1363 617 1428 iam
640 1371 748 1428 totum
770 1385 884 1449 corpus
906 1371 941 1429 et
963 1386 1073 1429 omnes

251 1476 494 1534 commutantur
514 1469 562 1533 ibi
583 1469 747 1554 positurae
770 1468 1019 1554 principiorum3

250 1573 290 1637 fit
311 1573 401 1659 prius
422 1573 465 1639 ad
487 1596 617 1638 sensum
639 1583 674 1640 ot
696 1596 779 1660 quae
802 1596 934 1666 corpora
955 1572 1191 1638 conveniebant

205 1756 207 1759 Ι
251 1699 338 1742 nunc
359 1701 424 1743 non
446 1679 647 1757 conveniant,
670 1686 705 1744 et
727 1686 835 1744 cetera
856 1679 922 1743 sint
943 1678 1046 1766 magis
1068 1685 1155 1764 apta,

250 1804 333 1867 quae
355 1791 527 1869 penetrata
548 1793 674 1871 queunt
695 1807 825 1849 sensum
847 1783 1038 1872 progignere
1060 1783 1230 1863 acerbum3

250 1892 388 1971 utraque
411 1887 498 1951 enim
521 1887 655 1952 suntin
677 1887 783 1952 mellis
805 1887 981 1953 commixta
1002 1909 1133 1973 sapore3

249 1989 284 2055 id
306 1992 392 2077 quod
412 1992 478 2057 iam
500 2015 617 2079 supera
638 1993 700 2057 tibi
721 2014 818 2079 saepe
840 1992 1040 2058 ostendimus
1061 1999 1147 2058 ante.

295 2096 393 2161 Nunc
415 2119 475 2184 age
498 2120 562 2183 quo
583 2105 679 2183 pacto
701 2097 788 2162 naris
809 2096 955 2162 adiectus
977 2097 1082 2161 odoris

250 2205 366 2285 tangat
387 2222 491 2286 agam.
522 2200 664 2286 primum
686 2223 738 2265 res
759 2200 880 2264 multas
902 2223 970 2265 esse
993 2207 1154 2265 necessest

250 2303 336 2369 unde
358 2304 462 2369 fluens
484 2305 593 2370 volvat
614 2305 722 2370 varius
744 2328 778 2370 se
801 2305 920 2370 fluctus
942 2306 1084 2384 odorum,

250 2415 285 2472 et
307 2408 408 2474 fluere
431 2417 465 2474 et
487 2409 578 2473 mitti
600 2410 694 2496 volgo
716 2409 889 2496 spargique
911 2408 1147 2494 putandumst3

250 2536 363 2579 verum
385 2513 458 2578 aliis
480 2513 563 2577 alius
584 2513 689 2599 magis
712 2520 762 2577 θεὴ
784 2512 1006 2577 animantibus
1028 2520 1125 2598 aptus

250 2617 414 2682 dissimilis
435 2625 568 2703 propter
590 2618 713 2682 formas.
736 2617 874 2704 ideoque
897 2640 955 2703 per
976 2640 1070 2682 auras

250 2718 355 2783 mellis
377 2740 454 2804 apes
475 2718 622 2805 quamvis
644 2718 739 2805 longe
762 2718 926 2784 ducuntur
948 2718 1051 2798 odore,

251 2823 445 2909 volturiique
467 2823 683 2889 cadaveribus.
714 2831 786 2888 tum
808 2824 883 2889 fissa
904 2825 1044 2890 ferarum

251 2928 374 3015 ungula
396 2950 459 3013 quo
481 2927 594 2993 tulerit
616 2951 762 3016 gressum
784 2929 940 3015 promissa
961 2952 1078 2994 canum
1100 2928 1149 2993 vis

251 3031 350 3110 ducit,
373 3039 407 3096 et
429 3031 610 3096 humanum
631 3032 726 3120 longe
749 3032 928 3118 praesentit
949 3033 1078 3099 odorem

252 3134 497 3200 Romulidarum
520 3135 601 3200 arcis
623 3144 766 3201 servator
788 3136 943 3202 candidus
965 3160 1065 3203 anser.

253 3240 298 3305 sic
320 3240 392 3305 aliis
414 3240 497 3334 alius
518 3241 612 3305 nidor
633 3240 729 3306 datus
752 3241 793 3306 ad
815 3264 874 3306 sua
895 3265 1056 3328 quemque

251 3345 372 3431 pabula
393 3343 483 3409 ducit
506 3351 540 3409 et
562 3367 582 3408 a
603 3352 709 3410 taetro
730 3345 852 3410 resilire
874 3368 998 3411 veneno

252 3449 347 3536 cogit,
370 3471 472 3534 eoque
494 3447 589 3513 modo
611 3458 781 3514 servantur
802 3450 907 3515 saecla
928 3451 1076 3515 ferarum.

295 3552 360 3616 Hic
382 3551 459 3617 odor
479 3552 548 3638 ipse
570 3552 680 3640 igitur,
701 3553 788 3618 naris
810 3553 1006 3640 quicumque
1030 3551 1166 3631 lacessit,

252 3663 302 3720 est
324 3655 387 3720 alio
408 3665 448 3721 ut
469 3657 570 3742 possit
591 3657 739 3742 permitti
761 3657 888 3744 longius
910 3656 1012 3737 alter3

252 3760 309 3824 sed
330 3768 441 3825 tamen
462 3760 551 3824 haud
573 3761 743 3847 quisquam
766 3770 835 3825 tam
858 3762 952 3848 longe
975 3762 1078 3826 fertur
1099 3782 1211 3824 eorum

252 3886 349 3949 quam
372 3864 503 3944 sonitus
526 3887 624 3950 quam
646 3888 716 3944 vox,
739 3865 836 3929 mitto
858 3865 922 3929 iam
946 3864 1050 3929 dicere
1074 3886 1171 3950 quam
1193 3884 1244 3927 res
1311 3862 1374 3943 690

166 4026 257 4081 eatque
263 4018 351 4080 fipura
361 4017 453 4066 Lamb.
465 4017 504 4068 ed.
518 4020 542 4068 3.
669 4019 716 4068 668
732 4026 762 4068 at
773 4019 854 4069 added
865 4020 900 4084 by
910 4020 980 4069 Flor.
993 4021 1024 4068 31
1037 4019 1126 4070 (lamb.
1141 4019 1206 4071 Mar.
1247 4022 1281 4071 Ut
1292 4020 1372 4072 Lech.

165 4100 204 4149 lor
215 4101 267 4148 Fit.
377 4099 424 4149 671
442 4098 490 4149 672
502 4097 583 4149 Lech.
594 4100 681 4162 places
698 4099 765 4149 after
784 4100 840 4150 662.
875 4102 992 4162 Bernays
1012 4115 1136 4163 supposes
1156 4115 1228 4151 some
1244 4116 1331 4152 verses
1347 4104 1375 4152 to

163 4182 229 4233 hove
240 4181 304 4231 been
316 4181 367 4230 lost
379 4179 463 4229 before
474 4180 560 4240 them3
578 4181 592 4229 I
603 4181 721 4231 followed
731 4181 787 4230 him
796 4181 825 4230 in
836 4198 880 4244 my
892 4182 968 4231 small
979 4182 1017 4233 ed.
1032 4182 1079 4232 but
1091 4197 1149 4231 now
1159 4181 1257 4233 believe
1267 4181 1375 4233 tharsis

166 4278 201 4314 no
212 4263 316 4313 hictus:
335 4276 377 4312 soe
388 4264 463 4311 notes
474 4264 498 4312 2.
638 4264 686 4313 680
705 4265 864 4327 Volcanique
876 4264 949 4315 Pont.
964 4263 1021 4312 Ald.
1035 4265 1049 4312 1
1067 4265 1106 4312 lor
1120 4265 1276 4328 Voltura'quc.
1315 4264 1375 4317 Vct

167 4347 277 4408 tortique
290 4343 355 4392 Mur.
367 4342 440 4392 lunt.
541 4344 587 4393 681
601 4346 734 4406 momina.
751 4347 875 4406 penurioso
890 4345 1002 4394 Gronov.
1014 4345 1095 4394 Loch.
1130 4347 1235 4409 ‘parim
1244 4360 1270 4399 r.
1283 4346 1344 4392 tnnc
1359 4346 1369 4360 ⁸

168 4440 197 4475 or
207 4426 241 4489 Β]
252 4425 270 4475 i.
276 4439 296 4476 o.
311 4424 496 4487 permiseris.
510 4425 637 4484 immissa,
649 4425 794 4475 concitata'
805 4426 840 4491 Is.
854 4426 928 4477 Voss.
940 4426 970 4476 in
981 4441 1030 4477 ms.
1042 4430 1125 4478 notes.
1226 4426 1276 4479 68¹
