2842 4860
635 266 685 332 VI
1204 282 1266 351 273

140 433 250 520 guttai
272 433 326 497 vix
348 433 452 498 instar
473 440 569 497 erunt
591 431 689 496 unius
710 421 913 519 adaugmen;

144 561 208 623 quo
230 530 338 602 minus
360 547 410 602 est
432 538 551 601 mirum
574 559 662 602 mare
685 560 750 601 non
772 559 943 624 augescere
965 559 1129 624 magnum.
1202 539 1263 617 615

141 649 309 724 praeterea
331 663 482 728 magnam
505 640 551 704 sol
573 647 700 724 partem
723 640 866 704 detrahit
888 649 989 705 aestu.

142 743 261 828 quippe
285 743 432 807 videmus
456 743 544 807 enim
566 743 666 808 vestis
687 765 799 807 umore
821 743 984 809 madentis

142 847 299 912 exsiccare
322 848 389 912 suis
411 848 509 912 radiis
531 847 711 913 ardentibu’
735 848 853 913 solem:

141 960 176 1016 at
199 952 312 1040 pelage
335 952 441 1017 multa
462 962 496 1017 et
519 953 585 1017 late
608 953 772 1018 substrata
794 953 947 1018 videmus.

142 1056 275 1141 proinde
299 1057 374 1121 licet
397 1057 545 1143 quamvis
567 1081 606 1122 ex
629 1080 694 1121 uno
717 1080 844 1143 quoque
867 1057 935 1121 loco
957 1056 1003 1121 sol

143 1159 264 1223 umoris
285 1183 417 1245 parvam
440 1160 562 1225 delibet
584 1161 626 1225 ab
648 1184 785 1247 aequore
807 1169 955 1246 partem;

142 1260 275 1348 largiter
296 1262 331 1326 in
353 1269 446 1326 tanto
468 1263 573 1348 spatio
596 1271 707 1328 tamen
728 1263 854 1328 auferet
876 1262 979 1327 undis.

142 1372 214 1429 tum
237 1389 336 1452 porro
350 1367 442 1432 venti
463 1390 590 1454 quoque
612 1390 765 1455 magnam
787 1368 899 1432 tollere
922 1374 1048 1453 partem

143 1469 263 1532 umoris
284 1479 419 1554 possunt
443 1478 606 1535 verrentes
628 1493 775 1556 aequora,
797 1469 904 1535 ventis

142 1593 209 1635 una
230 1580 324 1637 nocte
347 1573 415 1636 vias
437 1573 589 1658 quoniam
612 1596 764 1659 persaepe
787 1573 934 1637 videmus

143 1675 254 1740 siccari
276 1677 445 1763 mollisque
467 1678 531 1741 luti
553 1700 752 1742 concrescere
775 1684 905 1741 crustas.

142 1787 310 1863 praeterea
331 1780 425 1845 docui
447 1782 588 1845 multum
612 1804 738 1867 quoque
761 1781 873 1845 tollere
896 1780 999 1844 nubes

143 1903 288 1946 umorem
311 1906 429 1971 magno
451 1891 643 1968 conceptum
667 1907 706 1948 ex
729 1906 866 1969 aequore
890 1882 983 1968 ponti

144 1991 178 2049 et
200 1985 318 2070 passim
341 1994 411 2051 toto
434 1995 593 2051 terrarum
615 2009 764 2074 spargere
787 1985 822 2051 in
844 1986 922 2064 orbi,

144 2110 217 2151 oum
240 2089 325 2175 pluit
347 2089 381 2153 in
404 2090 498 2155 terris
520 2099 554 2154 et
577 2090 667 2154 venti
688 2090 802 2154 nubila
822 2096 960 2174 portant.

144 2202 306 2278 postremo
329 2195 481 2281 quoniam
504 2218 574 2259 raro
597 2218 670 2260 cum
694 2217 822 2280 corpore
846 2195 943 2259 tellus

145 2306 204 2375 est,
226 2306 261 2362 et
283 2298 494 2376 coniunctast,
517 2321 587 2363 oras
609 2298 706 2362 maris
728 2297 872 2383 undique
895 2297 1035 2384 cingens

144 2400 251 2478 debet,
273 2409 311 2466 ut
332 2401 368 2465 in
389 2424 477 2466 mare
500 2401 540 2466 de
563 2401 657 2466 terris
679 2400 769 2465 venit
791 2423 884 2465 umor
905 2401 1010 2487 aquai,

144 2503 179 2567 in
201 2512 303 2569 terras
325 2505 440 2570 itidem
462 2528 593 2570 manare
616 2528 655 2570 ex
677 2527 815 2591 aequore
837 2506 939 2585 salso3

145 2610 326 2693 percolatur
348 2611 435 2675 enim
458 2610 545 2674 virus
567 2619 716 2695 retroque
738 2617 885 2674 remanat

146 2712 297 2777 materies
321 2713 440 2777 umoris
463 2721 497 2778 et
520 2713 561 2778 ad
583 2720 682 2798 caput
704 2713 854 2777 amnibus
876 2712 979 2776 omnis

146 2814 287 2894 confluit,
310 2816 385 2881 inde
408 2839 505 2901 super
526 2824 628 2881 terras
650 2815 735 2881 redit
757 2816 887 2903 agmine
910 2815 997 2881 dulci

145 2939 209 3001 qua
230 2918 284 2983 via
305 2927 393 2984 secta
414 2920 514 2983 semel
537 2918 659 3004 liquido
682 2919 764 3005 pede
788 2919 906 2984 detulit
927 2918 1052 3002 undas]

191 3023 289 3088 Nunc
310 3023 393 3089 ratio
416 3047 498 3110 quae
522 3024 573 3103 sit,
596 3047 654 3110 per
675 3026 783 3089 fauces
804 3023 924 3088 montis
946 3031 985 3088 ut
1006 3022 1133 3088 Aetnae

147 3126 296 3212 expirent
318 3128 409 3215 ignes
431 3127 596 3193 interdum
619 3128 749 3194 turbine
772 3135 874 3206 tanto,

147 3231 325 3317 expediam.
355 3255 460 3318 neque
484 3232 571 3296 enim
593 3232 747 3296 mediocri
770 3232 859 3296 clade
882 3240 990 3322 coorta

147 3335 297 3400 flammea
318 3344 496 3420 tempestas
519 3335 667 3400 Siculum
689 3335 856 3400 dominata
877 3357 935 3421 per
956 3357 1049 3421 agros

146 3438 295 3504 finitimis
316 3440 358 3504 ad
380 3462 413 3504 se
436 3440 594 3505 convertit
616 3439 769 3527 gentibus
792 3461 854 3517 ora,

58 3595 187 3644 Naturam
197 3593 273 3644 Pont.
287 3593 352 3643 Mar.
364 3593 534 3643 Alleunt.
547 3593 603 3642 first
615 3592 655 3642 for
666 3594 777 3642 Natura.
877 3592 925 3642 614
936 3593 1084 3655 odoupmea.
1118 3593 1270 3654 aucupata
1318 3587 1320 3591 ⁴

60 3674 131 3724 Nico.
144 3675 306 3738 followedby
317 3675 352 3724 all
363 3690 426 3724 mss.
439 3673 492 3724 and
503 3673 556 3723 eds.
567 3673 654 3724 before
665 3673 746 3723 Lech.
862 3673 909 3723 616
924 3689 1040 3735 acapnum
1053 3675 1091 3723 ool
1104 3673 1182 3723 Pont.
1193 3673 1266 3726 Junt.

60 3759 102 3805 for
117 3759 156 3807 rol
171 3773 294 3819 magnam.
330 3772 446 3819 nmquam
461 3763 562 3820 partem
580 3758 618 3805 col
637 3755 702 3804 Mar.
834 3753 883 3803 624
899 3769 1016 3817 aequora,
1034 3757 1115 3804 ventis
1131 3753 1211 3806 Lach.
1230 3755 1271 3803 for

60 3854 171 3902 aequora
187 3841 264 3889 venti.
299 3854 410 3902 aequom
422 3840 498 3902 ponti
514 3836 585 3887 Nico.
598 3837 665 3900 vulg.
684 3835 796 3899 perhaps
812 3835 918 3898 rightly,
930 3851 959 3885 as
976 3835 1021 3885 the
1036 3835 1119 3885 words
1136 3851 1181 3886 are
1198 3837 1270 3886 often

60 3918 197 3969 confused:
216 3933 298 3981 comp.
311 3919 394 3971 1276:
412 3918 464 3968 and
475 3921 556 3968 ventio
567 3917 590 3968 is
603 3916 744 3968 somowhat
755 3916 888 3967 awkward
990 3917 1038 3968 629
1050 3919 1104 3966 orbi
1114 3916 1179 3968 Mar.
1194 3916 1210 3966 J
1211 3920 1267 3969 unt.

60 4002 101 4071 for
117 4005 190 4054 orbis.
224 4005 280 4052 orbe
297 4003 366 4052 Flor.
379 4003 410 4052 31
428 4002 517 4052 Gamb.
529 4002 627 4052 Avanc.
758 4000 806 4050 632
822 4002 899 4049 maris
912 4000 935 4048 B
950 4014 1015 4049 corr.
1027 3999 1103 4048 Pont.
1116 3998 1182 4048 Mar.
1194 3998 1267 4049 Junt.

62 4082 119 4148 (not
130 4083 199 4133 Flor.
212 4083 252 4150 31)
265 4086 305 4134 for
316 4085 404 4146 macie.
536 4083 584 4133 638
596 4085 661 4147 pede
676 4074 877 4132 detalitAcorr.
890 4081 930 4130 for
941 4082 1005 4144 pede
1022 4081 1091 4129 tulit.
1138 4081 1140 4085 ’
1222 4080 1270 4130 641

60 4166 180 4216 mediocri
197 4168 267 4216 clade
285 4175 369 4216 coorto
386 4167 421 4216 Is.
434 4166 509 4216 Voss.
520 4161 549 4214 in
560 4180 610 4214 ms.
622 4168 697 4214 notes
712 4163 752 4213 for
767 4165 850 4212 medic
866 4165 951 4225 precio
968 4164 997 4212 de
1013 4168 1112 4212 coorta:
1130 4161 1208 4211 afine
1219 4161 1271 4211 and

60 4248 159 4298 certain
170 4247 321 4297 correction.
354 4249 438 4319 media
453 4249 482 4297 de
497 4249 571 4309 alode
582 4246 640 4296 Vat.
653 4244 718 4297 1954
729 4243 824 4294 Othob.
858 4244 1065 4293 mediadeclade
1076 4242 1127 4291 two
1138 4240 1197 4290 Vct.
1210 4240 1273 4292 Pius

61 4333 90 4382 in
107 4335 189 4390 notes,
204 4332 313 4393 Nauger.
329 4330 421 4381 Lamb.
455 4332 538 4380 aredio
555 4346 619 4394 quae
636 4330 708 4379 ctode
724 4328 821 4377 Arane.
855 4328 901 4376 dio
917 4327 947 4376 dc
964 4327 1034 4375 clade
1051 4323 1113 4374 Fab.
1147 4326 1273 4374 Enceladi

62 4415 92 4464 de
104 4416 176 4464 clade
188 4414 273 4464 Bentl.
289 4413 374 4463 before
385 4412 419 4463 he
430 4413 503 4462 knew
514 4411 631 4462 Vossius’
645 4409 816 4461 emendation.
941 4408 989 4457 642
1000 4410 1129 4458 Flammea
1140 4407 1233 4458 Heins.
1246 4407 1274 4457 in

148 4527 184 4580 M.
1146 4512 1187 4572 18
