2842 4860
685 256 715 319 V

186 419 331 485 horribili
352 419 460 484 sonitu
483 418 578 483 silvas
601 418 753 484 exederat
774 419 850 485 altis

186 525 227 590 ab
249 524 409 590 radicibus
431 530 466 588 et
487 531 606 588 terram
627 532 814 610 percoxerat
835 524 912 612 igni,

186 629 339 694 manabat
360 628 450 693 venis
473 628 671 692 serventibus
692 628 727 692 in
749 628 819 693 loca
840 636 944 693 terrae

186 755 324 799 concava
345 730 535 798 conveniens
558 731 685 818 argenti
706 731 793 795 rivus
815 738 850 795 et
871 730 950 809 euri,

186 836 268 901 aeris
289 837 370 900 item
393 843 427 900 et
448 834 581 921 plumbi
613 857 695 920 quae
718 858 792 899 cum
814 843 962 901 concreta
983 836 1142 902 videbant

185 942 344 1027 posterius
366 943 450 1007 claro
472 941 508 1006 in
529 948 615 1006 terra
636 940 804 1026 splendere
826 943 938 1020 colore,
993 998 995 1003 .

186 1047 345 1111 tollebant
367 1045 471 1110 nitido
493 1045 580 1130 capti
602 1045 729 1130 levique
751 1046 858 1131 lepore

188 1159 223 1215 et
244 1150 343 1214 simili
365 1150 503 1214 formata
524 1148 678 1213 videbant
700 1171 768 1213 esse
790 1149 895 1236 figura

186 1262 285 1340 etque
307 1254 494 1319 lacunarum
516 1254 645 1318 fuerant
667 1253 805 1341 vestigia
826 1254 949 1340 cuique.

187 1365 259 1423 tum
281 1358 473 1444 penetrabat
495 1379 548 1422 eos
570 1378 662 1443 posse
684 1357 763 1422 haec
785 1357 959 1444 liquefacta
979 1358 1082 1423 calore

186 1461 367 1547 quamlibet
388 1460 423 1524 in
445 1460 579 1524 formam
602 1468 636 1524 et
658 1459 773 1525 faciem
796 1460 963 1525 decurrere
985 1483 1093 1525 rerum

187 1573 221 1629 et
243 1587 389 1650 prorsum
411 1562 558 1649 quamvis
580 1563 615 1627 in
637 1571 733 1627 acuta
754 1586 790 1628 ac
813 1565 923 1630 tenvia
943 1587 1035 1651 posse

187 1690 376 1733 mucronum
399 1667 474 1731 duci
496 1666 626 1753 fastigia
647 1667 860 1752 procudenda

187 1780 226 1836 ut
247 1771 310 1836 sibi
332 1772 399 1836 tela
420 1771 543 1848 darent,
565 1771 725 1856 silvasque
747 1780 786 1836 ut
808 1772 940 1837 caedere
962 1781 1093 1859 possent

187 1874 420 1961 materiemque
443 1874 550 1939 dolare
573 1882 608 1938 et
630 1874 714 1939 levia
735 1875 846 1940 radere
868 1876 962 1962 tigna

188 1986 222 2042 et
244 1977 406 2042 terebrare
429 1976 528 2041 etiam
551 2000 587 2042 ae
609 1978 804 2063 pertundere
825 2001 947 2064 perque
969 1979 1078 2045 ferare.

190 2102 250 2144 nec
272 2079 379 2143 minus
402 2087 535 2167 argento
557 2081 661 2144 facere
683 2073 762 2145 haec
784 2103 925 2167 auroque
948 2082 1107 2167 parabant

189 2202 286 2266 quam
309 2181 408 2246 velidi
430 2181 570 2268 primum
593 2182 742 2248 violentis
765 2184 887 2249 viribus
909 2184 1000 2262 aeris,

188 2284 394 2370 nequiquam,
418 2285 570 2370 quoniam
592 2286 727 2351 cedebat
748 2287 836 2352 vieta
856 2295 999 2374 potestas

189 2413 248 2455 nec
269 2397 398 2476 poterat
419 2389 540 2474 pariter
562 2390 679 2454 durum
701 2391 834 2456 sufferre
857 2391 1005 2457 laborem.

190 2503 262 2560 tum
285 2493 348 2558 fuit
369 2493 404 2557 in
426 2494 530 2578 pretio
552 2494 655 2581 magis
678 2517 731 2560 aee
752 2517 932 2581 eurumque
954 2495 1081 2561 iacebat

115 2664 117 2670 ,
187 2605 318 2684 propter
339 2596 551 2661 inutilitatem
573 2597 685 2662 hebeti
706 2620 857 2662 mucrone
879 2605 1033 2664 retusum

187 2702 378 2767 nunciaret
400 2723 461 2778 aes,
484 2724 598 2766 aurum
620 2702 655 2766 in
677 2725 840 2768 summum
861 2704 1014 2768 successit
1035 2703 1200 2772 honorem
1229 2720 1306 2790 1275

187 2807 232 2872 sic
254 2806 411 2871 volvenda
432 2814 521 2871 aetas
543 2815 723 2872 commutat
745 2816 891 2893 tempora
912 2831 1027 2874 rerum.
1122 2817 1127 2829 “

188 2912 274 2999 quod
295 2911 359 2976 fuit
380 2912 415 2975 in
436 2911 548 2996 pretio,
572 2912 611 2976 fit
632 2914 721 2977 nullo
744 2913 883 2999 denique
905 2914 1044 2995 honore;

187 3036 280 3100 porro
302 3014 384 3079 aliut
407 3013 550 3078 succedit
572 3022 607 3078 et
629 3037 644 3080 e
666 3016 905 3102 contemptibus
928 3016 996 3081 exit

187 3118 286 3204 inque
308 3118 376 3183 dies
399 3118 502 3206 magis
524 3118 691 3203 adpetitur
712 3119 868 3206 floretque
889 3128 1054 3207 repertum

27 3388 30 3394 .
100 3346 134 3394 32
153 3345 183 3396 9:
210 3343 287 3392 Luer.
309 3357 371 3404 may
392 3341 519 3391 therefore
539 3340 606 3391 have
627 3341 730 3392 written
752 3345 874 3406 quicquid
894 3342 963 3404 here,
986 3344 1086 3408 though
1108 3346 1248 3398 elsewhere
1269 3348 1310 3399 his

100 3439 163 3476 mss.
182 3424 249 3475 heve
271 3425 395 3488 quidquid
416 3425 457 3473 for
477 3423 521 3474 the
541 3423 660 3484 relatiwe3
683 3427 805 3488 quicquid
822 3426 850 3475 in
869 3425 914 3476 the
932 3416 1006 3477 s'ense
1026 3428 1053 3477 oi
1075 3431 1191 3492 quicque,
1213 3429 1309 3494 rightly

102 3507 238 3568 according
260 3510 290 3556 to
309 3507 354 3556 the
375 3506 431 3556 rule
454 3506 589 3568 explained
608 3506 635 3555 in
655 3510 730 3557 notes
748 3509 763 3555 2
781 3510 809 3558 to
826 3522 837 3556 r
854 3509 887 3557 22
904 3511 1048 3572 quicquum.
1249 3515 1309 3565 1253

102 3591 163 3640 eltis
179 3590 202 3638 A
219 3590 288 3640 Nice.
306 3589 375 3639 Flor.
394 3591 424 3639 31
445 3589 533 3639 Oemb.
552 3589 623 3639 Mon.
640 3589 710 3639 Brix.
728 3589 787 3641 Ver.
805 3590 869 3641 Ven.
887 3591 961 3641 Junt.
978 3593 1045 3641 altor
1063 3591 1110 3640 BA
1128 3606 1196 3644 corr.
1213 3595 1310 3648 Avario.

101 3671 194 3722 Isamb.
358 3672 422 3721 1254
441 3674 479 3720 Ab
499 3672 572 3721 Junt.
590 3672 647 3721 first
667 3672 708 3721 for
726 3675 757 3731 A,
774 3671 885 3736 rightly:
909 3676 955 3722 not
972 3673 1048 3724 Pont.
1066 3688 1095 3723 or
1112 3675 1179 3726 Mar.

136 3755 200 3804 1258
216 3757 245 3804 io
261 3762 328 3804 terra
342 3756 469 3817 splendere
484 3753 564 3803 Lech.
577 3753 634 3804 first
648 3754 687 3804 ior
702 3757 731 3804 iu
747 3763 831 3805 terroe.
867 3757 896 3804 in
907 3758 980 3805 terris
990 3755 1080 3806 Lamb.
1248 3761 1311 3813 1259

102 3839 172 3900 eapti
187 3837 256 3886 Flor.
274 3836 305 3885 31
323 3836 381 3885 Ver.
399 3836 463 3886 Van.
482 3836 548 3886 Mar.
565 3837 605 3885 for
621 3840 709 3900 cupiti.
832 3837 895 3887 1266
912 3839 1010 3898 dorent,
1021 3841 1147 3902 silvaeque
1163 3849 1195 3891 ut
1210 3846 1310 3895 caedere

99 3927 198 3982 possent
209 3918 289 3968 Laeh.
298 3918 338 3968 for
347 3926 439 3981 parent
450 3921 574 3981 silvaeque
586 3927 610 3968 et
621 3921 704 3968 cedere
714 3922 818 3982 possint.
848 3920 911 3983 [But
921 3921 1032 3984 perhaps
1044 3921 1088 3972 the
1099 3936 1216 3975 mesano
1226 3925 1310 3990 right:

103 4016 221 4064 compare
233 4003 316 4051 Plaut.
329 4001 423 4064 Amph.
436 4003 483 4053 192
491 4005 624 4065 praemisit
634 4011 662 4052 ut
673 4005 796 4062 nuntiem
814 4003 867 4052 end
877 4017 918 4052 see
929 4002 1027 4067 Ussing
1038 4003 1131 4068 there]
1163 4003 1166 4006 ’
1248 4011 1310 4063 1261

103 4087 188 4133 dolere
205 4093 229 4133 et
246 4085 312 4133 levio
327 4085 414 4132 redere
432 4084 497 4133 Mer.
509 4084 583 4133 lunt.
597 4083 663 4148 (Ald.
677 4085 690 4132 1
705 4085 754 4134 has
770 4100 799 4133 uc
815 4084 900 4147 soret)
913 4085 1153 4136 fordoloretlevere
1165 4093 1311 4142 arrodere:

103 4164 187 4213 which
199 4178 281 4214 seems
293 4164 338 4213 the
350 4164 466 4226 simplest
478 4164 583 4226 change.
619 4167 697 4226 domo,
712 4167 793 4215 leuem
810 4181 840 4215 oe
854 4167 942 4215 rudere
956 4166 1036 4216 Lech.
1071 4169 1171 4219 laesere
1186 4173 1275 4224 dolore
1289 4181 1312 4224 et

103 4248 190 4296 radere
202 4245 294 4295 Lamb.
331 4245 410 4295 Irach.
423 4246 479 4295 also
491 4249 608 4308 suggests
620 4249 704 4296 dolere
716 4262 798 4296 secere
810 4263 839 4296 oc
851 4262 880 4295 or
891 4249 977 4296 dolere
988 4263 1095 4311 aequare
1107 4265 1145 4300 ac.
1249 4256 1313 4308 1272

99 4335 200 4392 poterat
210 4327 301 4376 bamb.
314 4326 365 4376 and
375 4328 455 4377 Lech.
465 4329 505 4376 for
513 4335 642 4390 poteraut:
660 4328 713 4378 this
725 4329 739 4376 I
749 4327 815 4377 have
826 4328 939 4378 received
950 4329 1013 4379 with
1024 4343 1096 4380 some
1106 4330 1262 4388 hesitation.

113 4448 115 4452 ,
137 4411 199 4462 1273
218 4412 280 4458 Tum
289 4408 369 4461 Lech.
382 4411 422 4459 ior
432 4412 506 4460 Num.
540 4425 582 4459 aee
594 4408 675 4459 added
689 4408 723 4472 by
734 4410 802 4459 Flor.
815 4412 846 4460 31
858 4410 948 4460 (lamb.
961 4411 1037 4462 Pont.
1050 4411 1115 4464 Mar.
1219 4419 1285 4473 1270
1298 4434 1313 4471 ι
