2842 4860
688 249 723 312 II

185 410 422 496 intempestivis
445 431 484 474 ex
507 409 666 474 imbribus
689 409 801 474 umida
822 410 938 489 tellus3

185 525 351 599 praeterea
373 523 504 579 cunctas
526 513 642 578 itidem
663 536 714 578 res
736 522 861 578 vertere
884 535 961 578 sese.

184 625 317 681 vertunt
340 639 373 681 se
396 617 487 680 fluvii
509 615 638 680 frondes
661 624 694 680 et
717 615 837 700 pabula
859 616 948 680 laeta
1242 619 1302 698 875

185 720 220 782 in
242 719 388 804 pecudes,
410 728 544 784 vertunt
565 719 705 803 pecudes
727 719 762 781 in
785 740 916 803 corpora
936 727 1045 782 nostra

185 832 344 899 naturam,
367 831 400 887 et
422 830 530 887 nostro
553 822 593 886 de
616 843 745 906 corpore
768 843 864 906 saepe
886 821 1027 885 ferarum

186 937 363 1012 augescunt
385 927 468 991 vires
490 936 524 991 et
546 949 677 1011 corpora
698 925 980 1010 pennipotentum.

188 1053 262 1115 ergo
285 1052 396 1094 omnes
418 1038 536 1095 natura
558 1030 645 1094 cibos
667 1031 702 1092 in
725 1052 856 1115 corpora
877 1030 952 1094 viva

186 1133 284 1198 vertit
307 1142 340 1198 et
362 1134 438 1197 hinc
460 1155 571 1197 sensus
593 1134 797 1197 animantum
819 1142 967 1218 procreat
989 1156 1108 1210 omnes
1242 1136 1306 1200 880

188 1261 252 1302 non
275 1239 343 1303 alia
360 1239 455 1322 longe
476 1239 601 1303 ratione
624 1239 729 1322 adque
752 1237 841 1302 arida
862 1237 952 1323 ligna

188 1341 327 1427 explicat
348 1343 383 1404 in
405 1341 551 1405 flammas
573 1349 607 1404 et
628 1341 665 1404 io
686 1340 770 1424 ignis
793 1341 900 1405 omnia
922 1350 1036 1406 versat.

187 1446 295 1509 iamne
318 1446 407 1509 vides
429 1445 530 1530 igitur
551 1445 662 1528 magni
683 1446 859 1529 primordia
880 1468 989 1510 rerum

188 1549 303 1613 referre
326 1549 360 1612 in
383 1548 471 1633 quali
493 1548 560 1612 sint
582 1548 693 1612 ordine
715 1570 862 1634 quaeque
884 1550 989 1614 locata

189 1659 223 1714 et
244 1651 419 1715 commixta
440 1651 559 1737 quibus
581 1651 660 1714 dent
682 1661 790 1716 motus
813 1652 1059 1738 accipiantque?
1243 1657 1303 1737 885

233 1756 317 1819 Tum
339 1779 433 1841 porro
455 1756 534 1840 quid
556 1756 589 1820 id
612 1764 669 1833 est,
691 1757 837 1820 animum
859 1758 946 1841 quod
968 1758 1117 1843 percutit,
1138 1759 1245 1843 ipsum

189 1860 275 1946 quod
296 1869 405 1924 movet
427 1868 462 1925 et
483 1860 587 1925 varios
609 1883 721 1925 sensus
743 1884 929 1946 expromere
952 1863 1045 1948 cogit,

189 1985 228 2026 ex
251 1963 456 2027 insensilibus
478 1986 519 2028 ne
542 1963 652 2029 credas
674 1965 790 2029 sensile
811 1967 926 2051 gigni?

190 2067 342 2132 nimirum
364 2067 489 2152 lapides
511 2075 546 2132 et
567 2068 657 2152 ligna
679 2075 713 2131 et
735 2078 821 2132 terra
843 2069 929 2154 quod
951 2092 1018 2133 una

190 2172 292 2235 mixta
313 2179 424 2235 tamen
446 2178 615 2256 nequeunt
637 2170 770 2235 vitalem
792 2171 925 2236 reddere
948 2195 1086 2237 sensum.
1245 2177 1309 2258 890

189 2274 270 2338 illud
292 2274 327 2338 in
350 2273 401 2337 his
422 2273 524 2357 igitur
545 2272 641 2336 rebus
664 2274 849 2338 meminisse
872 2274 1008 2353 decebit,
1079 2268 1082 2274 ’

190 2401 254 2441 non
277 2400 316 2441 ex
339 2377 488 2441 omnibus
511 2375 650 2453 omnino,
672 2399 896 2461 quaecumque
919 2386 1029 2443 creant
1050 2401 1109 2456 res,

190 2481 305 2546 sensile
328 2489 362 2545 et
385 2480 548 2566 externplo
570 2503 624 2545 me
645 2480 737 2567 gigni
759 2481 864 2546 dicere
887 2504 1008 2559 sensus,

190 2586 246 2650 sed
268 2584 378 2671 magni
400 2586 517 2649 referre
539 2585 741 2671 caprimum
764 2587 922 2670 quantula
944 2595 1100 2663 constent,

191 2690 305 2755 sensile
327 2712 410 2774 quae
433 2690 564 2768 faciunt,
588 2699 621 2754 et
644 2713 710 2776 qua
731 2691 796 2754 sint
819 2690 966 2775 praedita
987 2692 1097 2767 forma,
1244 2694 1304 2775 895

191 2795 333 2860 motibus
356 2796 522 2860 ordinibus
543 2796 696 2882 posituris
719 2795 859 2879 denique
882 2817 966 2880 quae
988 2795 1061 2858 sint.

192 2921 329 2983 quarum
351 2899 399 2962 nil
421 2922 529 2963 rerum
551 2898 586 2962 in
608 2898 705 2983 lignis
727 2898 914 2984 glaebisque
936 2897 1101 2978 videmus3

191 3011 225 3067 et
247 3011 358 3067 tamen
379 3003 466 3077 haec,
491 3026 565 3067 cum
587 3010 664 3066 sunt
686 3002 779 3087 quasi
800 3003 984 3087 putrefacta
1006 3024 1063 3086 per
1085 3003 1212 3079 imbres,

191 3107 381 3170 vermiculos
403 3108 543 3192 pariunt,
565 3106 642 3191 quia
664 3128 795 3190 corpora
817 3106 966 3169 materiai

191 3208 335 3294 antiquis
358 3231 397 3274 ex
420 3209 585 3274 ordinibus
607 3217 755 3294 permota
775 3231 860 3272 nova
881 3230 915 3272 re
1244 3227 1310 3292 900

192 3314 403 3379 conciliantur
423 3313 472 3377 ita
494 3321 533 3377 ut
554 3314 675 3377 debent
696 3311 850 3376 animalia
870 3311 967 3396 gigni.

192 3417 308 3482 deinde
331 3440 370 3482 ex
393 3416 564 3482 sensilibus
586 3416 643 3501 qui
665 3415 780 3480 sensile
802 3437 896 3499 posse
919 3413 1019 3479 creari

194 3522 406 3598 constituunt,
429 3542 523 3606 porro
546 3542 585 3584 ex
608 3519 680 3582 aliis
702 3517 821 3582 sentire
844 3517 931 3582 sueti

104 3727 195 3775 Lamb.
213 3725 279 3775 after
294 3725 430 3774 Turnebus
447 3725 488 3774 for
504 3725 605 3773 Mollia.
759 3724 806 3772 875
818 3723 897 3784 fluvii
908 3723 1011 3784 frondes
1028 3720 1119 3771 Lamb.
1136 3722 1177 3772 for
1186 3724 1266 3786 fluvii
1282 3727 1311 3774 io

99 3809 211 3872 srmrdes.
357 3808 405 3855 882
417 3808 446 3855 ia
456 3807 523 3867 tynis
535 3805 604 3853 Flor.
616 3805 647 3852 31
660 3802 748 3853 (lamb.
764 3804 840 3852 Pont.
853 3802 919 3852 Mar.
931 3806 980 3852 eto.
992 3802 1033 3850 for
1044 3805 1119 3864 ipsis.
1261 3807 1310 3855 888

103 3892 184 3952 pipat.
218 3891 287 3938 amai
305 3887 421 3938 Priscian
440 3904 467 3938 rv
486 3891 533 3940 27:
551 3903 592 3937 sce
610 3888 689 3937 above
706 3903 731 3949 p.
747 3888 770 3935 l.
902 3887 950 3936 891
968 3885 1152 3934 morediano.
1172 3885 1213 3935 for
1224 3888 1309 3948 sedus.

99 3973 192 4036 foedus
203 3971 277 4020 was.
289 3971 421 4034 absurdly.
552 3973 600 4022 893
618 3972 715 4020 Semta
730 3970 800 4018 Nico.
817 3968 859 4017 1⁴01·
874 3969 993 4017 Seruilio.
1028 3974 1051 4016 et
1066 3969 1184 4029 extemplo
1197 3969 1307 4031 Nauger.

105 4054 158 4104 and
173 4053 252 4102 alate
267 4056 393 4102 comestor
404 4053 431 4102 of
443 4052 489 4102 tha
506 4052 562 4102 cod.
578 4052 674 4101 Victor.
691 4051 747 4100 who
762 4065 833 4099 more
848 4049 912 4098 than
928 4063 992 4098 once
1008 4063 1094 4110 agrees
1105 4047 1176 4106 with,
1188 4049 1311 4112 probably

105 4138 204 4186 follows
219 4135 370 4197 Naugerius,
386 4135 426 4183 lor
441 4136 551 4197 etamplo.
667 4134 714 4183 903
731 4147 747 4182 a
763 4148 787 4181 v.
799 4131 822 4180 is
836 4132 888 4180 lost
904 4129 965 4180 hera
981 4129 1045 4178 such
1060 4144 1090 4178 as
1100 4131 1156 4191 Ipsi
1167 4132 1308 4190 semiliber,

103 4221 224 4269 mortalia
239 4221 336 4267 semina
346 4218 454 4266 reddunt
467 4215 504 4279 (or
521 4216 667 4277 habebam:
687 4214 774 4263 Christ
785 4214 799 4261 I
810 4228 868 4262 now
879 4212 935 4261 find
946 4215 1063 4274 suggests
1075 4226 1090 4260 a
1101 4228 1126 4260 r.
1138 4211 1186 4260 has
1197 4211 1312 4275 dropped

105 4304 160 4351 out.
193 4301 207 4350 I
222 4299 255 4350 do
270 4302 317 4350 not
332 4300 396 4349 alter
411 4315 427 4350 a
442 4299 518 4348 letter
534 4299 562 4348 of
578 4297 623 4346 the
638 4312 715 4347 mss:
733 4296 813 4345 Lach.
824 4296 854 4344 in
871 4296 919 4346 902
934 4293 1009 4343 reads
1026 4310 1056 4343 eo
1073 4294 1112 4342 for
1127 4309 1166 4351 ex,
1177 4297 1311 4344 seminibus

106 4384 145 4433 lor
155 4384 295 4443 occulitur,
310 4381 362 4432 and
372 4382 421 4431 903
432 4382 509 4430 sititis
521 4379 584 4429 with
594 4379 694 4439 Lamb„
709 4377 760 4428 and
772 4378 819 4428 904
831 4379 883 4425 iam
894 4377 934 4425 ior
945 4391 1005 4425 cum.
1041 4382 1093 4424 tum
1103 4374 1194 4424 Lamb.
