2842 4860
630 261 679 325 iv
975 298 979 303 -
1165 229 1169 236 ’
1200 261 1257 342 165

134 449 211 491 nam
233 450 347 513 neque,
369 427 420 491 uti
442 426 572 505 vitrum,
594 425 680 512 potis
701 434 751 491 est
774 426 918 504 transire,
940 449 1046 512 neque
1068 433 1179 490 autem

135 529 255 608 scindi3
284 552 382 615 quarn
404 530 554 594 meminit
576 529 665 593 levor
685 537 848 614 praestare
871 530 1017 594 salutern.

136 643 333 719 quapropter
353 635 392 698 fit
414 642 452 698 ut
474 633 550 697 hinc
571 633 664 697 nobis
686 633 857 698 simulacra
878 633 1068 698 redundent.

136 744 171 800 et
193 736 339 821 quamvis
361 736 469 800 subito
492 735 604 821 quovis
625 735 661 798 in
683 744 828 821 ternpore
851 758 1013 820 quamque

136 862 205 903 rem
227 849 339 904 contra
360 840 526 925 speculum
549 863 657 926 ponas,
679 848 814 925 apparet
836 839 962 926 imago;

96 946 97 950 ’
137 953 294 1029 perpetuo
316 946 416 1010 fluere
438 953 476 1009 ut
499 967 610 1009 noscas
632 967 649 1009 e
672 967 801 1030 corpore
824 966 950 1008 summo

137 1056 282 1112 texturas
305 1071 412 1112 rerum
435 1049 544 1113 tenuis
565 1048 737 1133 tenuisque
760 1048 886 1134 figuras

138 1172 213 1236 ergo
235 1150 340 1214 multa
361 1150 452 1214 brevi
474 1150 579 1236 spatio
601 1151 772 1215 simulacra
793 1157 967 1236 genuntur‚

136 1261 174 1315 ut
197 1253 312 1317 merito
335 1253 420 1317 celer
440 1252 491 1317 his
513 1253 609 1317 rebus
632 1253 759 1316 dicatur
780 1252 875 1338 orig0.

137 1366 171 1420 et
193 1358 285 1442 quasi
306 1359 412 1422 multa
433 1358 524 1422 brevi
546 1358 651 1443 spatio
675 1357 879 1422 summittere
903 1357 1002 1422 debet

136 1459 260 1523 lumina
282 1460 327 1524 sol
349 1469 388 1523 ut
410 1468 569 1546 perpetuo
591 1461 656 1524 sint
679 1460 787 1524 omnia
808 1460 913 1545 plena,

136 1563 181 1626 sic
202 1563 244 1627 ab
266 1564 362 1628 rebus
384 1563 465 1628 item
488 1563 586 1627 simili
607 1563 731 1628 ratione
754 1571 914 1628 necessest

137 1666 291 1751 temporis
312 1667 347 1729 in
369 1676 490 1752 puncto
512 1690 619 1731 rerum
642 1667 813 1732 simulacra
834 1669 981 1732 ferantur

138 1770 243 1833 multa
264 1771 367 1835 modis
389 1771 502 1835 multis
524 1770 559 1834 in
581 1757 713 1835 cunctas
735 1771 879 1857 undique
901 1770 1021 1856 partis3

137 1875 397 1960 quandoquidem
420 1876 586 1961 speculum
609 1899 811 1961 quocumque
834 1874 1032 1940 obvertimus
1053 1874 1125 1952 oris,

137 2000 187 2042 res
209 1977 256 2042 ibi
277 1979 473 2063 respondent
494 1979 593 2043 simili
615 1981 717 2043 forma
738 1987 837 2064 atque
859 1979 970 2043 colore.

137 2088 305 2165 praeterea
326 2082 420 2146 modo
443 2104 517 2146 curn
540 2082 643 2146 hierit-
660 2082 874 2168 liquidissima
896 2081 977 2146 caeli

138 2194 323 2271 tempestas,
344 2209 499 2272 perquam
522 2187 630 2251 subito
651 2189 690 2252 fit
712 2188 844 2252 turbida
865 2187 966 2264 foede,

137 2288 280 2373 undique
302 2288 353 2351 uti
375 2288 525 2352 tenebras
547 2289 650 2353 omnis
672 2290 861 2353 Acherunta
882 2289 980 2352 rearis

137 2391 268 2476 liquisse
290 2401 325 2457 et
347 2415 480 2480 magnas
502 2393 583 2458 caeli
605 2394 778 2479 complesse
801 2416 960 2458 cavernas

138 2517 240 2580 usque
262 2495 342 2560 adeo
364 2504 471 2560 taetra
492 2496 675 2572 nimborum
698 2505 792 2562 nocte
815 2505 923 2561 coorta

138 2600 317 2686 inpendent
339 2609 428 2665 atrae
451 2600 629 2665 formidinis
651 2623 706 2665 ora
727 2624 864 2687 superne
875 2624 883 2680 ;

138 2726 273 2788 quorum
296 2704 454 2788 quantula
475 2726 549 2789 pars
570 2703 614 2767 sit
635 2704 742 2790 imago
765 2703 869 2767 dicere
892 2710 1019 2766 nemost

138 2806 194 2892 qui
216 2807 317 2892 possit
338 2829 443 2892 neque
466 2830 538 2871 eam
560 2807 718 2872 rationem
741 2807 874 2872 reddere
897 2807 998 2871 dictis.

182 2911 280 2975 Nunc
302 2933 371 2997 age,
393 2934 491 2995 quam
513 2910 609 2975 celeri
631 2919 722 2975 motu
745 2911 916 2975 simulacra
937 2912 1083 2975 ferantur

138 3024 173 3079 et
195 3038 277 3100 quae
299 3014 462 3079 mobilitas
484 3015 555 3079 ollis
577 3015 782 3079 tranantibus
804 3037 898 3079 auras

138 3118 265 3182 reddita
286 3117 338 3196 sit,
359 3118 455 3203 longo
477 3117 581 3203 spatio
603 3126 642 3181 ut
663 3117 769 3182 brevis
790 3118 869 3181 hora
890 3123 1024 3193 teratur,

138 3222 173 3284 in
195 3245 291 3307 quem
314 3243 460 3307 quaeque
483 3221 588 3284 locum
611 3221 735 3286 diverso
757 3220 891 3284 numine
913 3219 1063 3296 tendunt,

45 3344 50 3355 ·
139 3326 310 3391 suavidicis
331 3326 439 3412 potius
461 3349 558 3411 quam
580 3326 693 3390 multis
715 3325 860 3390 versibus
882 3324 994 3403 edam;

138 3452 256 3516 parvus
277 3437 316 3492 ut
338 3437 388 3492 est
410 3428 502 3513 cycni
523 3428 636 3492 melior
657 3450 760 3504 canor,
782 3427 837 3491 ille
859 3448 977 3514 gruum
1000 3448 1097 3510 quam

139 3536 258 3600 clamor
278 3533 313 3596 in
334 3533 487 3598 aetheriis
509 3533 670 3618 dispersus
691 3531 833 3596 nubibus
854 3529 963 3594 austri
1035 3531 1037 3535 ’

139 3639 295 3725 principio
317 3661 470 3724 persaepe
493 3637 572 3702 levis
593 3659 643 3701 res
665 3645 764 3721 atque
786 3634 922 3699 minutis

139 3741 322 3827 corporibus
344 3742 444 3804 factas
465 3739 577 3804 celeris
598 3738 675 3802 licet
697 3761 765 3802 esse
788 3737 903 3802 videre.

53 3922 111 3971 602.
210 3921 257 3968 152
265 3921 333 3982 potis
344 3926 380 3968 cet
391 3918 469 3968 Lech.
482 3919 522 3967 for
529 3925 642 3981 possunt.
677 3924 767 3966 uatem.
785 3924 844 3966 aute
856 3917 927 3965 Mon.
936 3915 1000 3966 Ven.
1010 3917 1063 3966 and
1073 3916 1154 3966 hence
1162 3917 1259 3966 Arane.

54 4002 70 4050 J
72 4005 128 4053 unt.
147 4001 199 4050 and
214 4001 249 4051 all
262 4001 314 4050 eds.
326 4001 412 4050 before
423 4001 503 4050 Lech.
635 4001 683 4050 159
698 4007 826 4062 ornantur
836 3999 928 4049 Lemb.
938 3999 979 4048 for
989 4007 1126 4061 cernatur:
1143 3998 1204 4049 here
1215 4003 1259 4048 too

54 4096 69 4130 a
84 4095 220 4143 necessary
234 4080 384 4130 correction.
536 4079 583 4130 167
600 4081 650 4129 Res
662 4081 700 4128 iti
712 4079 734 4127 A
745 4078 798 4128 and
808 4081 877 4127 most
888 4093 951 4127 mss.
963 4078 1015 4128 end
1026 4077 1078 4130 eds.
1114 4080 1164 4128 Res
1175 4081 1225 4128 sihi
1236 4079 1259 4126 B

54 4162 144 4212 Oamb.
156 4162 221 4211 Van.
238 4161 324 4211 which
340 4161 420 4211 Lech.
436 4160 526 4210 thinks
545 4162 633 4210 ‘unice
644 4174 734 4209 verum
740 4159 756 4208 ’.
790 4162 840 4209 Res
852 4161 899 4209 tibi
911 4159 965 4210 Gir.
1096 4160 1144 4211 178
1162 4167 1260 4210 teratur

53 4247 133 4296 Pont.
153 4245 227 4294 Junt.
247 4247 316 4292 most
335 4243 456 4306 properly
473 4243 513 4291 for
528 4246 639 4307 seratur.
682 4243 729 4292 179
750 4243 854 4290 tendunt
874 4240 965 4290 Lamb.
984 4240 1025 4288 ior
1047 4242 1136 4290 tendit.
1177 4240 1255 4291 Lech.

53 4333 115 4392 puts
125 4327 180 4378 this
195 4342 268 4377 verse
284 4327 350 4376 after
367 4328 423 4383 175,
438 4326 546 4389 reading
561 4328 656 4388 tendat,
677 4325 729 4374 and
740 4327 845 4374 momine
857 4325 898 4374 for
908 4326 1008 4373 numine
1019 4323 1083 4372 with
1094 4323 1160 4372 Mar.
1172 4324 1256 4386 June,

53 4427 70 4463 a
86 4410 186 4471 chaum
201 4405 286 4460 which
302 4409 316 4459 1
332 4423 375 4460 am
392 4424 450 4458 now
466 4413 513 4458 not
529 4409 643 4458 inclined
659 4411 685 4458 to
701 4407 834 4470 acquiesce
845 4408 889 4456 in:
909 4422 949 4456 see
961 4421 981 4455 11
995 4407 1050 4468 632,
1065 4405 1118 4455 and
1128 4406 1257 4468 Epicurus
