2842 4860
154 419 193 476 ut
214 435 270 477 vas
292 411 457 477 interdurn
478 436 543 477 non
566 413 638 498 quit
661 420 815 490 constare,
837 411 900 476 nisi
922 433 1015 476 umor

155 514 283 579 destitit
306 515 341 579 in
363 515 462 580 dubio
484 515 587 580 fluctu
610 515 759 580 iactarier
779 514 877 580 intus.

198 619 370 683 Praeterea
391 626 509 683 ventus
531 641 606 683 eum
628 640 687 704 per
708 619 778 684 loca
799 617 939 683 subcava
961 625 1065 682 terrae

154 723 306 787 collectus
329 730 421 809 parte
444 745 483 787 ex
506 745 573 787 una
593 721 777 808 procumbit
799 729 844 786 et·
855 729 952 808 urget

154 826 292 891 obnixus
314 826 441 913 magnis
463 827 632 912 speluncas
653 825 776 890 viribus
798 827 889 904 altas,

153 927 313 994 incumbit
336 930 434 994 tellus
457 952 520 1015 quo
543 928 634 994 venti
655 952 756 1015 prona
778 929 898 1015 premit
920 928 975 994 vis

155 1040 228 1096 tum
251 1056 368 1119 supera
390 1041 509 1098 terram
531 1056 613 1118 quae
636 1042 714 1098 sunt
736 1041 885 1098 extructa
906 1032 1074 1097 domorum

60 1219 63 1227 st
155 1138 197 1202 ad
219 1139 409 1225 caelumque
431 1138 535 1225 magis
556 1146 677 1224 quanto
700 1145 778 1202 sunt
800 1138 890 1202 edita
911 1160 1067 1224 quaeque,

154 1241 311 1306 inclinata
332 1250 460 1308 tument
481 1242 516 1306 in
539 1243 675 1307 eandem
698 1242 827 1328 prodita
847 1250 975 1328 partem

155 1352 399 1431 protractaeque
421 1346 529 1410 trabes
551 1346 730 1431 inpendent
752 1346 798 1409 ire
821 1352 960 1431 paratae.

156 1455 190 1512 et
212 1457 366 1514 metuunt
387 1449 498 1536 magni
520 1457 670 1514 naturam
693 1448 821 1514 credere
843 1448 958 1513 mundi

156 1552 287 1617 exitiale
310 1553 441 1639 aliquod
464 1561 593 1640 tempus
616 1555 804 1640 clademque
826 1576 966 1631 manere,

156 1678 229 1719 cum
251 1656 385 1721 videant
407 1664 534 1721 tantam
556 1664 715 1722 terrarum
737 1657 924 1722 incumbere
946 1656 1084 1720 molem!

155 1759 242 1844 quod
263 1759 327 1824 nisi
348 1760 507 1846 respirent
529 1761 628 1838 venti,
650 1761 699 1825 vis
720 1761 811 1826 nulla
833 1761 973 1824 refrenet

156 1886 206 1928 res
228 1887 333 1950 neque
356 1865 398 1930 ab
421 1865 521 1929 exitio
543 1865 645 1950 possit
667 1865 900 1950 reprehendere
923 1863 1038 1929 euntis.

155 1990 242 2031 nune
264 1968 341 2053 quia
363 1968 522 2054 respirant
545 1969 679 2033 alternis
701 1969 800 2055 inque
822 1976 1015 2056 gravescunt

155 2078 189 2134 et
211 2071 304 2156 quasi
326 2071 452 2136 collecti
474 2073 612 2137 redeunt
635 2072 819 2158 ceduntque
842 2071 972 2157 repulsi,

154 2175 283 2259 saepius
305 2176 388 2241 hane
411 2178 452 2242 ob
474 2201 543 2242 rem
565 2178 738 2242 minitatur
759 2185 846 2241 terra
868 2176 979 2240 ruinas

155 2300 252 2363 quam
274 2279 370 2359 facit;
398 2280 574 2345 inclinatur
596 2281 683 2345 enim
706 2288 855 2366 retroque
878 2279 1004 2344 recellit

155 2388 189 2445 et
211 2382 325 2468 recipit
347 2384 495 2470 prolapsa
516 2408 590 2449 suas
612 2385 647 2448 in
669 2384 809 2470 pondere
832 2384 930 2449 sedes

156 2483 216 2550 hac
238 2486 340 2573 igitur
361 2489 486 2554 ratione
508 2490 661 2555 vacillant
684 2489 793 2554 omnia
814 2496 911 2565 tecta,
1218 2501 1277 2571 575
1348 2513 1350 2518 ’

155 2613 282 2656 summa
303 2593 407 2679 magis
429 2593 553 2672 mediis,
575 2595 683 2659 media
704 2594 788 2671 imis,
810 2594 877 2658 ima
898 2592 1067 2679 perhilum.

200 2696 260 2760 Est
285 2698 364 2762 haee
387 2698 531 2764 eiusdem
554 2723 682 2786 quoque
704 2700 816 2788 magni
838 2723 934 2764 causa
956 2697 1111 2774 tremoris,

156 2809 273 2865 ventus
296 2802 353 2866 ubi
375 2810 473 2888 atque
495 2803 623 2868 animae
645 2803 754 2868 subito
776 2804 825 2868 vis
847 2803 989 2869 maxima
1010 2804 1168 2890 quaedam

157 2912 215 2968 aut
237 2905 435 2971 extrinsecus
457 2915 516 2972 aut
537 2908 608 2994 ipsa
629 2909 745 2973 tellure
768 2916 877 2973 coorta

156 3008 192 3072 in
214 3010 283 3075 loca
303 3034 337 3076 se
360 3035 438 3077 cava
460 3013 558 3077 terrai
580 3013 717 3077 coniecit
738 3013 849 3098 ibique
1219 3016 1281 3096 580

157 3113 325 3198 speluncas
347 3115 434 3181 inter
454 3139 589 3204 magnas
611 3117 720 3182 fremit
742 3124 819 3182 ante
843 3119 989 3181 tumultu

158 3220 419 3307 versabundaqne
439 3230 596 3308 portatur,
619 3230 691 3309 post
717 3223 818 3287 incita
840 3245 913 3287 cum
936 3221 984 3286 vis

105 3423 153 3472 555
164 3425 232 3474 inter
243 3425 392 3475 dornhach.
404 3427 444 3475 for
455 3429 530 3477 inter.
564 3429 593 3478 in
605 3435 674 3478 terra
685 3428 751 3477 Mar.
762 3427 821 3476 Ald.
835 3428 848 3476 1
861 3426 877 3476 J
878 3429 935 3476 unt.
947 3425 1017 3487 vulg.
1029 3423 1142 3487 perhaps
1153 3423 1258 3488 rightly.

105 3505 153 3556 563
175 3508 307 3556 Inclinato
329 3515 423 3558 tonent
445 3509 494 3560 Ed
518 3509 580 3559 with
602 3510 660 3562 Vat.
683 3510 747 3561 3276
771 3510 811 3558 for
832 3509 963 3558 Inclinato
985 3508 1094 3555 minent:
1117 3504 1210 3556 theta
1229 3522 1283 3558 was

71 3585 198 3637 absorbed
209 3587 243 3649 by
251 3586 296 3637 the
307 3588 445 3651 preceding
456 3598 484 3639 tn
495 3589 548 3639 and
559 3590 623 3640 then
633 3598 700 3641 nent
710 3589 802 3652 passed
812 3589 870 3638 into
880 3590 988 3638 minent:
1005 3586 1049 3637 the
1061 3586 1163 3636 Verona
1174 3587 1282 3652 palimp-

72 3672 125 3718 sest
137 3670 165 3718 of
174 3670 264 3719 Lucan
274 3685 292 3719 v
302 3670 351 3721 160
361 3671 411 3722 has
422 3674 617 3723 consnltamnltn
628 3675 668 3722 101
679 3676 794 3724 consulto
805 3675 926 3723 tunultu:
943 3685 1028 3734 eomp.
1042 3670 1105 3722 1195
1118 3677 1188 3720 tento
1202 3672 1283 3722 nebat

72 3751 101 3800 of
115 3765 178 3801 mss.
191 3751 231 3800 for
248 3760 317 3802 tenta
334 3740 452 3814 tentabat,
465 3755 517 3804 and
532 3769 548 3805 v
564 3757 627 3808 1409
644 3771 743 3806 servare
759 3771 836 3819 penna
854 3756 894 3804 for
909 3769 1009 3804 eernere
1025 3747 1117 3803 recens.
1150 3754 1283 3804 Innlinntn

71 3840 157 3883 11100111
172 3833 252 3885 Lech.
288 3836 381 3886 abeant
398 3837 476 3889 Bern.
512 3840 612 3888 minuent
627 3839 697 3890 Flor.
711 3839 743 3888 31
756 3837 846 3887 (lamb.
858 3837 924 3886 Mar.
936 3835 995 3884 Ald.
1008 3835 1021 3883 1
1034 3835 1123 3886 tuna:
1142 3849 1184 3885 000
1198 3835 1279 3888 Ρ1100.

72 3915 136 3964 inst.
147 3930 198 3965 v111
209 3917 253 3967 29:
273 3917 287 3965 Ι
302 3919 416 3982 wrongly
430 3920 492 3969 read
508 3924 639 3972 ninantur
655 3923 684 3971 in
701 3922 778 3972 small
794 3921 833 3970 ed.
867 3922 963 3969 micant
977 3917 1040 3967 Pius
1050 3916 1079 3965 in
1090 3919 1154 3966 text.
1188 3917 1279 3970 Lamb.

72 3997 171 4047 retains
190 4000 293 4065 atinent.
333 4001 1153 4062 Α111100111101111101010010111111100.1101000011.
1193 4001 1283 4052 Bhas

72 4094 163 4142 (111460.
175 4079 260 4129 which
270 4080 347 4129 Bern.
359 4083 439 4144 praef.
453 4098 479 4146 p.
491 4099 524 4132 111
534 4083 625 4134 thinks
636 4101 652 4135 a
663 4100 732 4135 mere
742 4084 881 4148 repetition
893 4084 920 4134 01
935 4082 980 4132 the
992 4081 1043 4132 end
1054 4082 1083 4131 of
1096 4081 1153 4140 562,
1166 4082 1189 4130 A
1200 4081 1280 4132 intro-

72 4161 168 4224 ducing
184 4177 200 4212 0
217 4162 318 4212 further
334 4166 498 4227 corruption:
519 4167 566 4218 but
583 4168 653 4219 Nice.
665 4182 757 4231 proves
773 4167 833 4218 that
849 4166 894 4216 the
912 4165 1048 4228 archetype
1065 4163 1157 4226 agreed
1171 4164 1235 4214 with
1249 4166 1281 4229 A,

73 4246 120 4292 not
130 4243 162 4292 B.
261 4245 308 4294 568
320 4249 399 4306 venti,
410 4251 449 4297 eie
460 4251 534 4298 nulla
546 4249 610 4302 Mar.
625 4250 699 4301 Wak.
714 4251 755 4299 for
765 4251 846 4300 ventis
857 4248 939 4298 nulla.
1038 4247 1087 4298 574
1100 4248 1283 4309 inpendens

72 4324 143 4375 Nice.
156 4326 223 4387 vulg.
237 4325 342 4391 rightly.
376 4331 405 4378 tn
417 4331 564 4393 pmtdnaB
577 4331 779 4382 Turneb.Laeh.
814 4330 869 4380 The
879 4342 1000 4393 passages
1014 4327 1029 4376 I
1043 4329 1121 4389 quote
1136 4326 1165 4376 in
1180 4330 1280 4378 notes2

72 4409 125 4460 will
141 4424 219 4472 prove
236 4408 295 4459 that
313 4410 422 4463 Turneb.
437 4411 490 4461 and
506 4412 643 4463 Lachere
658 4414 730 4476 quite
744 4412 874 4463 mistaken
888 4411 916 4460 in
932 4408 1073 4473 supposing
1086 4407 1146 4458 that
1156 4408 1201 4458 the
1212 4409 1277 4474 sing.
