2842 4860
156 237 198 299 so
279 190 283 200 ’
742 231 778 294 11

243 393 389 459 ardorem
411 391 446 456 in
468 390 569 476 pertis
592 398 625 455 et
647 389 771 454 lumine
793 390 934 454 conserit
956 411 1052 468 arva;

244 497 279 561 in
300 505 402 562 terras
423 495 525 580 igitur
546 517 674 580 quoque
697 495 772 559 solis
795 495 940 581 vergitur
961 495 1063 560 ordor.

244 613 503 687 transversosque
526 601 634 665 volere
656 622 714 685 per
735 600 848 664 imbris
870 600 1009 664 fulmina
1031 598 1151 664 cernis:

245 727 331 768 nunc
353 703 428 767 hinc
450 725 537 766 nunc
559 702 647 766 illinc
670 702 801 786 abrupti
824 702 966 765 nubibus
989 701 1080 786 ignes

245 815 454 886 concursant;
485 807 572 871 cedit
593 808 628 869 in
650 815 752 870 terras
773 806 823 871 vis
845 807 996 870 flammea
1018 805 1151 893 volgoe
1307 816 1368 884 215

288 910 375 975 Illud
398 910 433 973 in
455 903 506 973 his
528 932 656 996 quoque
679 920 712 973 te
735 911 832 973 rebus
854 931 1043 996 cognoscere
1066 930 1209 986 avemus,

245 1036 376 1099 corpora
397 1035 471 1077 cum
494 1012 643 1077 deorsum
666 1020 791 1076 rectum
813 1034 872 1097 per
893 1012 990 1075 inane
1013 1012 1163 1094 feruntur

246 1115 441 1202 ponderibus
463 1115 607 1200 propriis,
631 1138 663 1179 sc
684 1115 808 1178 incerto
831 1122 976 1200 tempore
999 1114 1100 1179 ferme

246 1219 441 1304 incertisque
464 1217 541 1282 locis
563 1218 667 1302 spatio
690 1218 851 1303 depellere
874 1219 1017 1302 paulum,

246 1332 376 1388 tantum
399 1321 484 1407 quod
507 1344 637 1385 momen
659 1330 824 1386 mutatum
847 1322 952 1386 dicere
974 1322 1083 1407 possis.

247 1427 332 1513 quod
356 1427 418 1490 nisi
440 1425 600 1490 declinare
624 1426 772 1504 solerent,
796 1427 905 1491 omnia
928 1427 1087 1504 deorsum,

246 1531 359 1597 imbris
381 1529 432 1595 uti
453 1538 577 1617 guttae,
599 1530 752 1596 caderent
773 1554 833 1616 per
853 1532 951 1595 inane
974 1532 1183 1617 profundum,

246 1658 306 1700 nec
327 1636 411 1700 foret
433 1636 574 1700 offensus
596 1644 693 1699 natus
715 1659 775 1700 nec
797 1636 894 1723 plaga
916 1644 1024 1701 creata

246 1739 431 1824 principiis:
461 1739 510 1803 ita
532 1738 580 1802 nil
596 1737 758 1825 'umquam
780 1748 899 1803 nutura
921 1747 1068 1804 creasset.

290 1843 385 1923 Quod
407 1843 435 1907 si
456 1843 538 1907 forte
560 1842 677 1928 aliquis
699 1843 802 1908 credit
823 1844 971 1929 graviora
992 1853 1121 1930 potesse
1236 1851 1238 1854 ⁴
1308 1861 1348 1906 22
1354 1856 1369 1924 5

247 1970 387 2032 corpora,
411 1971 475 2034 quo
497 1948 594 2012 citius
616 1958 741 2012 rectum
763 1949 940 2034 perinane
962 1950 1121 2024 feruntur,

248 2051 389 2116 incidere
413 2074 453 2115 ex
476 2073 591 2135 supero
613 2050 789 2116 levioribus
810 2059 910 2136 utque
933 2052 981 2115 ita
1002 2052 1117 2139 plagas

248 2155 381 2241 gignere
404 2176 487 2239 quae
509 2154 634 2238 possint
655 2155 808 2241 genitalis
830 2155 964 2220 reddere
986 2165 1105 2232 motus,

249 2259 341 2322 avius
363 2280 383 2321 e
404 2279 481 2321 vera
501 2258 597 2342 longe
619 2260 745 2322 ratione
768 2259 898 2323 recedit.

251 2383 328 2425 nam
350 2383 409 2444 per
430 2382 530 2444 aquas
553 2383 776 2446 quaecumque
799 2362 920 2425 cedunt
942 2370 1042 2447 atque
1065 2385 1140 2427 aera
1162 2385 1280 2440 rurum,
1313 2379 1378 2444 230

251 2467 331 2530 haec
352 2487 410 2550 pro
432 2465 628 2550 ponderibus
651 2488 742 2529 casus
764 2466 904 2529 celerare
927 2475 1091 2530 necessest

252 2577 422 2656 propterea
444 2570 522 2655 quia
543 2593 657 2655 corpus
679 2592 783 2655 aquae
806 2577 987 2655 naturaque
1010 2571 1116 2634 tenvis

252 2674 336 2738 aeris
358 2674 439 2739 haut
461 2683 596 2759 possunt
618 2697 720 2760 aeque
744 2698 813 2739 rem
836 2697 999 2760 quamquo
1022 2674 1150 2753 morari,

254 2777 311 2842 sed
333 2777 428 2842 citius
451 2778 571 2842 cedunt
593 2779 792 2862 gravioribus
816 2785 1028 2862 exsuperata;

255 2891 291 2946 et
313 2891 424 2946 contra
445 2883 528 2946 nulli
550 2884 591 2947 de
613 2884 703 2946 nulla
725 2892 816 2968 parte
838 2904 944 2967 neque
967 2882 1033 2946 ullo

256 2996 401 3071 tempore
423 2986 519 3050 inane
542 2994 649 3072 potest
670 3009 810 3051 vacuum
832 2986 1006 3050 subsistere
1029 2986 1084 3062 rei,

257 3090 344 3175 quin,
367 3113 426 3154 sua
448 3091 534 3176 quod
556 3099 673 3154 notura
695 3090 788 3175 petit,
811 3090 986 3154 concedere
1008 3098 1143 3174 perget3

258 3194 367 3258 omnia
388 3201 584 3279 quapropter
606 3194 727 3258 debent
749 3217 807 3279 per
828 3194 925 3257 inane
949 3193 1098 3279 quietum

259 3318 361 3382 aeque
383 3295 578 3380 ponderibus
601 3319 665 3359 non
688 3297 800 3381 aequis
823 3296 950 3360 concita
973 3295 1058 3359 ferri.

260 3399 349 3463 haud
370 3399 471 3484 igitur
491 3407 645 3485 poterunt
668 3400 841 3463 levioribus
863 3399 1006 3463 incidere
1029 3420 1186 3483 umquam
1319 3413 1386 3476 240

261 3525 301 3566 ex
324 3524 439 3588 supero
461 3502 608 3589 graviora
629 3525 736 3588 neque
758 3504 843 3567 ictus
864 3503 996 3587 gignere
1019 3524 1079 3587 per
1101 3524 1134 3565 se

176 3710 206 3744 or
222 3695 335 3743 aetherio
358 3694 385 3743 of
408 3693 479 3743 older
501 3695 613 3744 editors:
647 3696 713 3744 caeli
735 3695 749 3743 I
769 3693 822 3744 had
842 3694 938 3756 mysell
956 3693 1070 3743 restored
1091 3695 1158 3742 from
1176 3692 1227 3742 Cic.
1246 3693 1319 3743 Aret.
1338 3693 1388 3743 297

176 3792 268 3826 summo
285 3778 351 3825 caeli
368 3778 397 3825 de
413 3778 505 3826 vertice
524 3785 637 3826 tranans.
748 3778 796 3826 214
813 3779 921 3841 abrupti.
966 3780 1081 3840 abruptis
1100 3778 1179 3827 Macr.
1199 3779 1250 3825 sat.
1268 3788 1295 3823 vr
1313 3775 1327 3823 1
1345 3775 1388 3826 27.

210 3861 259 3909 218
275 3875 300 3909 se
317 3859 400 3909 added
416 3860 450 3923 by
465 3859 515 3911 Ed.
545 3864 626 3925 ferme
642 3861 713 3910 Flor.
730 3862 762 3909 31
780 3861 869 3911 (lumb.
889 3862 954 3912 Mer.
974 3862 1015 3910 for
1025 3864 1108 3925 firmo.
1259 3860 1307 3909 219
1325 3874 1388 3908 mss.

178 3961 222 3996 are
233 3943 304 4007 quite
314 3941 399 4004 right:
418 3956 459 3991 see
473 3945 548 3990 notes
566 3944 596 3992 2:
615 3945 664 3992 toci
682 3946 776 4005 spatiis
797 3945 914 3992 urceum
934 3943 1014 3992 Lech.
1026 3942 1112 3992 whom
1129 3943 1142 3991 Ι
1158 3942 1245 3992 before
1261 3940 1390 3991 followed.

212 4028 260 4076 220
276 4039 377 4074 momen.
412 4025 543 4072 minimum
559 4027 609 4073 two
626 4025 686 4073 Vat.
703 4024 757 4074 end
774 4024 817 4073 old
833 4023 884 4074 eds.
905 4025 992 4074 before
1009 4025 1083 4073 Junt.
1193 4025 1242 4073 226
1258 4025 1390 4086 feruntur.

174 4110 295 4173 ferantur
310 4105 378 4154 Vict.
476 4107 524 4157 227
538 4108 631 4170 placor
647 4107 670 4154 B
687 4121 751 4158 corr.
766 4105 818 4156 and
829 4106 921 4155 Lumb.
934 4107 974 4156 for
987 4109 1060 4169 play.
1090 4107 1176 4170 plopis
1188 4105 1259 4154 Nico.
1271 4104 1391 4154 followed

179 4189 259 4254 bysll
274 4187 361 4238 before
377 4185 468 4236 Lemb.
568 4189 615 4239 229
632 4191 713 4238 Actus
733 4188 805 4237 Nico.
826 4188 866 4237 for
883 4190 972 4238 Aulus.
1072 4190 1120 4237 233
1138 4191 1211 4237 Aeris
1232 4191 1302 4238 haud
1317 4189 1391 4240 Nioc.

180 4272 221 4321 for
237 4272 357 4319 Haeraut
372 4268 402 4328 A,
422 4269 582 4316 HueraudB
596 4269 668 4317 Gott.
766 4269 815 4318 234
831 4276 980 4331 corruperam
997 4269 1063 4318 Mar.
1081 4269 1155 4319 Junt.
1174 4269 1215 4318 for
1232 4277 1389 4331 exsuperate.

180 4357 345 4416 exsuperatur
361 4337 431 4399 Nico.
448 4349 560 4412 perhaps
578 4349 681 4413 rightly.
798 4349 979 4412 imperarunt
997 4350 1065 4400 Flor.
1086 4350 1116 4400 31
1139 4349 1230 4400 (lamb.
1247 4349 1288 4399 for
1301 4357 1391 4413 potue·
