2842 4860
268 473 338 537 ulta
356 478 454 556 putes
474 490 550 546 esse,
626 467 733 532 verbis
754 467 918 532 elementa
937 467 1094 544 videmus,

233 597 333 662 quam
350 574 420 639 sine
439 571 579 659 principi
627 571 730 635 ullam
749 592 819 634 rem
840 569 977 635 existere
996 593 1097 656 posse.

233 679 374 764 denique
394 699 451 742 cur
470 675 616 740 homines
639 681 748 739 tantos
767 681 885 737 natura
904 695 1018 758 parare

233 805 300 848 non
321 780 440 868 potuit,
462 780 600 864 pedibus
622 777 680 863 qui
701 786 840 863 pontum
863 800 920 863 per
941 778 1024 842 vada
1045 786 1177 863 possent
1292 795 1356 843 200

234 884 370 950 transire
392 890 426 948 et
448 904 583 967 magnos
604 881 756 945 manibus
778 880 930 944 divellere
952 882 1073 946 montis
1111 904 1114 910 ·

235 989 403 1073 multaque
422 986 561 1051 vivendo
578 985 692 1050 vitalia
711 984 840 1049 vincere
854 975 972 1087 (saecffi,
1023 986 1027 991 ’
1052 946 1216 1118 ἼΨῙΕῙὯ)

234 1093 356 1169 sinon,
375 1089 532 1155 materies
545 1089 624 1174 quia
643 1088 739 1152 rebus
759 1084 894 1151 reddita
907 1097 1027 1153 certast

234 1195 411 1282 gignundis
433 1217 451 1258 e
473 1215 539 1278 qua
561 1199 686 1257 constat
709 1191 789 1275 quid
810 1190 913 1275 possit
935 1191 1034 1256 oriri?

235 1300 283 1364 nil
302 1298 403 1384 igitur
421 1296 493 1360 fieri
513 1295 554 1360 de
574 1295 641 1359 nilo
662 1316 754 1380 posse
777 1294 986 1371 fatendumst,
1293 1310 1353 1377 205

236 1403 359 1468 semine
376 1400 506 1486 quando
526 1421 607 1484 opus
627 1407 678 1462 est
700 1397 796 1461 rebus
818 1419 882 1481 quo
902 1419 1051 1483 quaeque
1071 1408 1198 1463 creatae

236 1507 319 1572 aeris
337 1506 372 1570 in
389 1515 517 1570 teneras
537 1501 661 1587 possint
678 1500 850 1585 proferrier
872 1522 974 1566 auras

236 1619 400 1698 postremo
418 1607 573 1693 quoniam
591 1605 724 1670 incultis
743 1613 908 1690 praestare
928 1605 1076 1670 videmus

237 1716 326 1781 culta
347 1713 416 1777 loca
437 1720 471 1776 et
494 1710 644 1775 manibus
667 1709 810 1774 melioris
831 1709 965 1774 reddere
987 1711 1082 1805 fetus,
1130 1663 1253 1806 pedm&

238 1840 307 1884 esse
327 1815 479 1881 videlicet
498 1815 533 1878 in
554 1814 649 1879 terris
669 1814 846 1899 primordia
866 1837 973 1878 rerum
1294 1832 1358 1880 210
1410 1820 1413 1825 '

238 1943 322 2007 quae
343 1942 402 1985 nos
424 1919 578 1984 fecundas
600 1926 764 1983 vertentes
785 1940 915 1983 vomere
936 1920 1048 2005 glebas

237 2025 401 2110 terraique
422 2025 526 2089 solum
549 2023 737 2108 subigentes
760 2022 1045 2113 Qsadwo-rtps.

238 2128 326 2215 quod
348 2128 376 2192 si
397 2128 489 2192 nulla
510 2128 624 2202 forent,
646 2133 756 2190 nostro
778 2125 848 2190 sine
870 2148 1019 2211 quaeque
1044 2127 1152 2191 labore

239 2239 354 2318 sponte
376 2253 435 2296 sua
457 2231 562 2296 multo
584 2229 655 2294 fieri
677 2229 812 2294 meliora
834 2230 968 2297 videres.

283 2333 734 2429 QQssdlbullgqUicque
754 2333 789 2397 in
810 2355 869 2398 sua
889 2355 1020 2418 corpora
1039 2356 1167 2398 rursum
1296 2348 1358 2416 215

240 2430 404 2506 dissoluat
405 2426 535 2502 “natura
554 2459 662 2522 neque
682 2437 724 2501 ad
743 2437 849 2502 nilum
868 2437 1042 2502 interemat
1062 2460 1120 2504 res.

240 2567 317 2608 nam
333 2542 441 2629 siquid
458 2541 593 2606 mortale
615 2563 631 2607 e
651 2541 776 2606 cunctis
797 2543 944 2628 partibus
963 2551 1056 2620 esset,

240 2671 280 2713 ex
303 2646 403 2723 oculis
424 2669 475 2712 res
497 2668 646 2732 quaeque
669 2655 803 2731 repente
818 2656 938 2736 erepta
959 2648 1087 2733 periret.

235 2751 581 2840 nullafflnretusus
596 2751 685 2815 enim
706 2773 789 2836 quae
809 2752 957 2837 partibus
976 2752 1047 2816 eius

241 2854 412 2920 discidium
430 2875 542 2938 parere
561 2861 595 2918 et
614 2875 718 2946 Qus
738 2856 900 2920 exsolvere
920 2864 1036 2941 posset.
1297 2872 1362 2920 220

241 2958 328 3043 quod
348 2979 444 3035 nunc,
463 2965 595 3022 aeterno
613 2957 691 3042 quia
711 2965 861 3022 constant
880 2959 1003 3023 semine
1024 2980 1180 3044 quaeque,
1248 2996 1253 3004 ·

242 3064 343 3127 donec
359 3063 408 3126 vis
428 3061 510 3126 obiit
530 3083 613 3146 quae
634 3084 685 3126 res
705 3061 888 3127 diverberet
908 3063 976 3127 ictu

242 3174 300 3231 aut
317 3166 407 3230 intus
425 3173 575 3251 penetret
591 3188 650 3250 per
671 3166 783 3230 inania
803 3166 1032 3252 dissoluatque,

242 3271 363 3335 nullius
381 3254 519 3336 exitium
535 3270 660 3356 patitur
680 3279 797 3335 natura
816 3271 927 3336 videri.

242 3382 411 3460 praeterea
432 3396 656 3459 quaecumque
678 3381 842 3439 vetustate
865 3382 994 3440 amovet
1015 3381 1113 3451 aetas,
1299 3391 1339 3437 22
1345 3389 1360 3456 5

243 3479 271 3542 si
291 3479 423 3565 penitus
442 3478 583 3564 peremit
605 3500 797 3543 consumens
819 3478 990 3544 materiem
1013 3500 1152 3552 omnem,

243 3582 331 3646 unde
351 3582 491 3646 animale
510 3603 614 3668 genus
634 3583 816 3667 generatim
838 3583 872 3647 in
895 3583 1021 3647 lumina
1042 3583 1129 3647 vitae

242 3685 392 3750 redducit
413 3685 534 3764 Venus,
557 3694 615 3750 aut
637 3687 831 3752 redductum
853 3687 988 3752 daedala
1010 3686 1108 3752 tellus
1241 3740 1245 3765 „
1300 3723 1328 3815 p

243 3788 330 3854 unde
352 3788 413 3853 alit
434 3797 534 3875 atque
556 3797 656 3874 auget
677 3790 861 3876 generatim
882 3790 1004 3875 pabula
1024 3791 1205 3881 erepst
1233 3725 1308 3852 llll*

242 3893 330 3958 unde
352 3915 441 3958 mare
463 3893 618 3980 ingenuei
639 3895 746 3960 fontes
768 3902 966 3980 externaque
988 3895 1084 3980 longe
1300 3912 1318 3958 2
1323 3912 1365 3976 30

290 368 398 456 potius
418 366 531 431 multis
554 364 739 636 &munia
762 385 893 449 corpora
912 364 1007 428 rebus

159 4107 281 4164 Crescere,
303 4119 390 4168 resque
408 4119 494 4169 penus.
536 4107 673 4156 Crescente
691 4106 757 4157 Mar.
777 4107 852 4157 Junt.
870 4107 961 4159 Lemb.
986 4109 1034 4157 eto.
1198 4108 1247 4159 207
1266 4109 1366 4170 possint

156 4187 233 4237 Pont.
246 4186 304 4236 Ald.
318 4187 332 4235 1
344 4187 418 4236 Junr.
431 4174 473 4236 for
487 4193 599 4250 possent:
618 4202 634 4237 s
649 4187 748 4251 change
765 4188 848 4239 which
865 4189 918 4238 will
934 4189 1007 4239 often
1021 4187 1088 4240 have
1104 4193 1132 4239 to
1145 4188 1178 4239 be
1190 4189 1284 4239 made:
1300 4203 1364 4240 mss.

156 4283 201 4318 are
217 4283 289 4318 more
306 4271 351 4331 apt
367 4270 395 4318 to
409 4271 457 4332 put
469 4277 570 4332 possent
587 4270 626 4320 lor
637 4273 736 4335 possint
753 4271 818 4322 then
834 4272 890 4324 vioe
904 4287 986 4324 versa.
1085 4274 1133 4324 215
1150 4275 1256 4337 quicque
1272 4271 1365 4322 Lamb.

156 4349 198 4401 tor
218 4351 347 4415 quicquid.
446 4352 493 4403 217
513 4365 527 4401 c
548 4351 632 4404 added
653 4352 688 4418 by
715 4353 787 4405 Nico.
902 4354 1093 4406 2³01lou0w
1118 4354 1264 4407 thamsa:
1286 4369 1363 4416 arare,
