2842 4860
623 245 653 307 V

121 414 155 470 et
177 429 233 470 cur
255 414 341 470 terra
363 414 461 490 queat
483 406 594 469 lunam
617 405 752 490 spoliare
775 405 915 470 vicissim

120 510 242 573 lumine
266 517 300 573 et
322 531 508 595 oppressum
531 508 630 572 solem
653 530 750 593 super
771 509 841 594 ipsa
862 518 981 585 tenere,

120 621 287 677 menstrua
308 613 386 676 dum
409 612 529 698 rigidas
551 612 623 677 coni
645 612 825 696 perlabitur
846 613 997 691 umbras;

120 725 265 801 tempore
288 716 401 780 eodem
423 717 506 780 aliut
528 724 669 802 nequeat
691 739 874 783 succurrere
897 718 993 781 lunae

121 843 234 905 corpus
256 820 308 884 vel
330 843 428 905 supra
449 820 524 883 solis
546 818 706 904 perlabier
727 819 845 896 orbem,

121 923 207 1009 quod
228 923 333 988 radios
355 924 571 1008 interrumpat
593 923 768 1008 lumenque
791 924 981 1008 profusum?

121 1036 155 1091 et
177 1035 288 1090 tamen
310 1026 380 1112 ipsa
401 1049 459 1090 suo
482 1027 510 1090 si
532 1027 636 1111 fulget
659 1026 737 1089 luna
759 1026 871 1103 nitore,

121 1153 178 1194 cur
199 1139 339 1215 nequeat
362 1138 450 1194 certa
472 1129 586 1194 mundi
609 1131 814 1215 languescere
837 1138 937 1215 parte,

121 1234 200 1298 dum
222 1235 291 1298 loca
313 1234 490 1311 luminibus
512 1234 648 1319 propriis
670 1233 802 1298 inimica
823 1256 881 1318 per
903 1233 993 1298 exit?

164 1337 260 1417 Quod
282 1345 436 1423 superest,
460 1338 611 1422 quoniam
634 1337 744 1424 magni
766 1360 824 1422 per
845 1337 973 1401 caerula
994 1336 1109 1401 mundi

121 1463 186 1526 qua
206 1441 277 1504 fieri
299 1440 452 1527 quicquid
473 1448 581 1525 posset
602 1440 727 1504 ratione
749 1441 872 1517 resolvi,

121 1544 195 1608 solis
217 1545 268 1608 uti
290 1544 393 1608 varios
415 1566 525 1607 cursus
548 1544 708 1629 lunaeque
730 1551 857 1608 meatus

120 1671 249 1712 noscere
272 1671 437 1733 possemus
459 1672 541 1734 quae
564 1649 612 1712 vis
634 1658 668 1712 et
690 1671 787 1713 causa
808 1649 915 1724 cieret,

121 1773 224 1836 quove
247 1751 341 1814 modo
359 1761 488 1835 possent
510 1751 625 1815 offecto
647 1752 770 1815 lumine
793 1751 880 1814 obire

121 1863 155 1918 et
178 1878 283 1940 neque
305 1855 468 1941 opinantis
490 1854 632 1919 tenebris
655 1855 812 1919 obducere
835 1858 944 1930 terras,

121 1983 195 2024 oum
218 1961 310 2046 quasi
331 1960 482 2025 conivent
505 1968 539 2024 et
562 1969 673 2046 aperto
695 1960 818 2024 lumine
841 1981 967 2022 rursum

121 2063 230 2127 omnia
252 2064 421 2127 convisunt
444 2064 529 2127 clara
551 2064 620 2127 loca
641 2062 778 2127 candida
800 2063 880 2139 luce,

121 2190 207 2230 nunc
229 2167 325 2230 redeo
347 2166 388 2230 ad
411 2167 525 2230 mundi
547 2167 726 2230 novitatem
749 2174 783 2229 et
805 2166 915 2230 mollia
937 2174 1041 2230 terrae

121 2293 205 2346 arva,
227 2293 309 2334 novo
332 2272 401 2334 fetu
424 2270 502 2355 quid
524 2271 666 2355 primum
687 2271 723 2334 in
745 2271 877 2335 luminis
899 2294 969 2335 oras

121 2374 233 2438 tollere
256 2383 290 2438 et
312 2375 443 2439 incertis
465 2375 583 2438 crerint
606 2374 807 2438 committere
830 2375 943 2438 ventis.

165 2479 325 2564 Principio
346 2502 450 2566 genus
471 2480 644 2543 herbarum
665 2479 865 2565 viridemque
888 2479 1027 2543 nitorem

121 2592 207 2648 terra
228 2584 319 2648 dedit
341 2585 462 2648 circum
484 2585 573 2648 collis
596 2607 787 2671 camposque
809 2607 867 2669 per
889 2585 1002 2662 omnir,

120 2687 234 2751 florida
255 2688 414 2751 fulserunt
436 2688 590 2752 viridanti
612 2696 706 2773 prata
727 2689 839 2764 colore,

120 2792 349 2877 arboribusque
373 2791 518 2855 datumst
541 2790 637 2856 variis
660 2791 775 2855 exinde
798 2814 856 2876 per
877 2814 971 2855 auras

120 2895 284 2960 crescendi
306 2918 461 2982 magnum
485 2895 625 2959 inmissis
647 2903 810 2959 certamen
832 2895 974 2959 habenis.

120 3007 159 3062 ut
181 2999 294 3084 pluma
314 3007 413 3084 atque
436 2999 495 3084 pili
516 2999 658 3083 primum
680 3006 853 3084 saetaeque
876 3005 1027 3062 creantur

121 3101 355 3187 quadripedum
378 3102 531 3165 membris
553 3109 588 3165 et
609 3123 738 3186 corpore
760 3101 1040 3186 pennipotentum,

120 3206 166 3270 sio
188 3229 271 3270 nova
292 3214 365 3270 tum
387 3206 484 3269 tellus
506 3207 622 3270 herbas
645 3206 850 3291 virgultaque
872 3205 1014 3290 primum

122 3311 263 3387 sustulit,
286 3311 361 3375 inde
384 3311 446 3375 loci
468 3311 618 3374 mortalia
639 3311 744 3374 saecla
765 3310 886 3374 creavit

121 3415 226 3478 multa
248 3414 351 3478 modis
372 3413 486 3477 multis
508 3414 597 3478 varia
618 3413 742 3477 ratione
765 3421 880 3476 coorta.

120 3539 196 3580 nam
218 3540 323 3603 neque
347 3517 387 3581 de
409 3517 496 3581 caelo
518 3516 669 3581 cecidisse
691 3516 845 3580 animalia
866 3523 1001 3601 possunt

120 3644 180 3685 nec
202 3621 367 3684 terrestria
389 3620 429 3684 de
452 3619 542 3684 salsis
565 3620 667 3684 exisse
690 3619 820 3684 lacunis

121 3725 281 3810 linquitur
301 3732 340 3787 ut
362 3724 478 3787 merito
501 3731 685 3787 maternum
707 3745 825 3786 nomen
847 3722 967 3808 adepta
1179 3737 1240 3805 795

121 3837 207 3892 terra
228 3827 279 3904 sit,
302 3850 320 3891 e
343 3835 429 3890 terra
451 3827 603 3912 quoniam
625 3833 702 3889 sunt
725 3834 842 3889 cuncta
863 3833 977 3889 creata

121 3932 288 4016 multaque
311 3953 397 3994 nunc
420 3929 520 3994 etiam
543 3928 689 3993 existunt
711 3928 864 3992 animalia
885 3928 979 3992 terris

43 4144 115 4194 ,768
127 4145 220 4206 salpet.
248 4144 332 4206 sulpit
348 4141 440 4190 Lamb.
457 4140 536 4192 Lach.
670 4141 808 4192 771=764.
935 4140 982 4192 776
994 4148 1094 4203 possent
1110 4138 1194 4189 added
1209 4139 1243 4202 by

33 4224 106 4274 Brix.
139 4226 235 4273 roboat
248 4221 305 4288 (not
315 4224 428 4284 valeam)
441 4222 509 4272 Flor.
527 4223 558 4271 31
576 4221 666 4273 (lamb.
687 4222 751 4272 Mar.
770 4220 829 4271 ald.
847 4221 948 4270 lJunt.
960 4222 1069 4282 Nauger.
1084 4219 1175 4270 Lamb.
1189 4219 1241 4270 Gir.

34 4302 132 4354 oreeoh
142 4302 218 4353 Wak.
316 4300 1043 4355 roarolareetrontnarmd.1Junt.forroueret.
1076 4301 1169 4349 crerint
1180 4314 1243 4348 omn-

34 4389 132 4435 mittere
144 4383 225 4436 Orelli
235 4383 283 4435 ael.
294 4385 364 4448 poet.
374 4383 445 4445 aaa,
456 4383 561 4447 Madvig
577 4383 606 4434 in
623 4383 787 4435 Henrichsen
804 4383 836 4435 de
852 4384 917 4445 frag.
936 4383 1007 4434 Gott.
1021 4396 1047 4444 p.
1062 4383 1101 4442 36,
1114 4379 1194 4429 Lech.
1207 4381 1243 4430 all

76 4480 82 4498 ⁹
1051 4487 1155 4547 lsi-2
