2842 4860
131 397 290 462 transiret
324 396 411 460 haud
437 395 505 458 ulla
528 395 598 458 ficri
624 395 748 459 ratione
774 393 908 462 videres.

131 501 271 586 denique
294 499 453 593 cumalias
478 498 551 562 aliis
573 506 736 583 praestare
762 497 909 562 videmus

131 604 274 688 pondere
297 625 348 667 res
360 585 558 666 'rebussnilo
582 599 703 665 maiore
729 601 856 686 figurat

131 730 208 772 nam
232 706 260 771 si
284 705 510 770 tantundemst
533 703 568 767 in
593 703 685 767 lanae
710 703 852 788 glomere
876 715 1037 790 quantum

131 810 271 896 corporis
294 811 328 875 in
355 809 489 895 plumbo
516 817 573 885 est,
597 810 791 874 tantundem
815 811 956 894 pendere
980 833 1038 897 par
1064 822 1123 886 est,

132 913 271 999 corporis
296 914 468 978 officiumst
491 913 645 997 quoniam
671 934 817 997 premere
844 914 953 978 omnia
978 915 1136 996 deorsum,

131 1027 243 1082 contra
266 1026 378 1082 autem
401 1026 518 1081 natura
541 1025 652 1082 manet
678 1018 748 1081 sine
771 1018 913 1102 pondere
936 1018 1050 1086 inanis

132 1143 209 1207 ergo
232 1120 320 1206 quod
345 1128 532 1206 magnumst
555 1124 659 1204 aequ'e
682 1119 850 1205 leviusque
875 1121 1013 1200 videtur,

132 1226 286 1290 nimirum
310 1227 383 1312 plus
407 1248 475 1290 esse
499 1225 562 1289 sibi
585 1225 726 1315 declarat
751 1223 875 1304 inanis;
1006 1229 1032 1314 ι,1
1052 1254 1148 1347 prm
1192 1238 1251 1319 365

133 1338 168 1393 at
192 1339 304 1394 contra
328 1331 459 1415 gravius
482 1330 556 1415 plus
582 1329 616 1393 iu
641 1351 675 1393 se
702 1328 841 1413 corporis
865 1352 933 1394 esse

73 1449 97 1512 q
132 1433 260 1497 dedicat
283 1442 317 1498 et
341 1433 444 1497 multo
469 1432 564 1497 vacui
586 1432 695 1496 minus
721 1431 811 1495 intus
836 1432 962 1498 habere.

132 1520 305 1622 esti-gitur
329 1537 484 1601 nimirum
505 1537 542 1601 id
565 1537 651 1622 quod
674 1536 799 1600 ratione
822 1539 929 1624 sagaci

133 1641 326 1726 quaerimus,
350 1641 533 1707 admixtum
557 1642 661 1719 rebus,
686 1641 772 1725 quod
798 1641 895 1706 inane
920 1666 1079 1732 vocamus.
1146 1679 1162 1693 -

176 1746 264 1810 Illud
290 1746 325 1809 in
349 1745 401 1809 his
427 1745 523 1822 rebus
548 1752 648 1810 nete
674 1744 831 1810 deducere
854 1768 929 1811 vero
1192 1773 1256 1838 370

135 1850 245 1934 possit,
269 1849 355 1934 quod
381 1849 514 1935 quidam
538 1851 675 1935 fingunt,
699 1870 903 1933 praecurrere
926 1875 1028 1938 cogor.

134 1954 246 2018 cedere
272 1954 484 2039 squamigeris
510 1953 622 2018 latices
645 1953 827 2017 nitentibus
850 1956 943 2019 aiunt

135 2065 169 2121 et
192 2057 332 2143 liquidas
358 2057 482 2142 aperire
505 2056 582 2133 vias,
606 2056 684 2141 quia
709 2064 783 2140 post
809 2056 878 2120 loca
902 2059 1005 2142 pisces

133 2161 292 2246 linquant,
319 2183 382 2246 quo
404 2161 531 2246 possint
553 2160 703 2224 cedentes
727 2160 887 2225 confluere
912 2163 1037 2246 undae;
1081 2150 1082 2153 ¹

135 2266 181 2329 sic
202 2265 282 2328 alias
308 2286 436 2350 quoque
460 2286 510 2328 res
536 2263 622 2327 inter
647 2285 681 2327 se
704 2285 796 2347 posse
822 2266 944 2329 moveri
1193 2291 1252 2357 375

105 2423 107 2426 Α
136 2380 170 2434 et
195 2377 323 2433 mutare
346 2369 461 2447 locum,
488 2368 635 2453 quamvis
661 2368 727 2432 sint
750 2369 859 2434 omnia
881 2371 985 2455 plena.

135 2473 257 2537 scilicet
282 2472 317 2538 id
339 2474 421 2537 falsa
446 2482 554 2538 totum
578 2474 703 2537 ratione
727 2482 933 2559 receptumst.

135 2600 211 2641 nam
236 2599 299 2662 quo
322 2576 517 2662 squamigeri
541 2585 697 2662 poterunt
718 2577 890 2662 procedere
914 2579 1055 2656 tandem,

134 2681 170 2744 ni
193 2680 335 2765 spatium
362 2680 510 2745 dederint
535 2679 670 2746 latices?
702 2680 875 2745 concedere
900 2704 993 2767 porro

134 2806 198 2869 quo
224 2793 378 2868 poterunt
401 2783 516 2861 undae,
537 2805 611 2848 eum
635 2783 738 2868 pisces
763 2782 810 2846 ire
835 2785 1042 2869 nequibunt?
1194 2795 1258 2871 380

135 2896 194 2952 aut
219 2887 320 2972 igitur
345 2896 436 2952 motu
461 2888 689 2972 privandumst
714 2910 847 2972 corpora
872 2911 1020 2976 quaeque

136 2999 194 3056 aut
218 3013 287 3055 esse
313 2991 496 3056 admixtum
522 2991 731 3055 dicundumst
756 2991 852 3056 rebus
877 2992 974 3056 inane

134 3095 221 3159 unde
245 3095 365 3159 initum
389 3095 532 3179 primum
558 3094 665 3179 capiat
691 3114 742 3157 res
766 3116 915 3180 quaeque
941 3097 1100 3162 movendi.
1143 3107 1145 3111 '

136 3208 297 3285 postremo
324 3199 388 3263 duo
415 3199 456 3263 de
480 3221 634 3262 concursu
658 3220 789 3284 corpora
814 3199 882 3264 lata

136 3303 163 3367 si
189 3302 255 3367 cita
279 3301 448 3378 dissiliant,
475 3323 593 3386 nempe
610 3324 673 3366 ⁴aer
698 3324 794 3366 omne
820 3312 989 3380 necessest,
1196 3310 1256 3388 385

136 3407 222 3471 inter
239 3428 376 3492 ,corpora
400 3405 486 3490 quod
510 3407 577 3483 fiat,
604 3406 746 3492 possidat
773 3407 878 3472 inane.

135 3510 164 3574 is
188 3532 281 3595 porro
307 3509 455 3595 quamvis
475 3509 599 3574 circum
624 3509 841 3574 celerantibus
868 3512 955 3576 auris

135 3613 284 3690 confluat,
308 3612 395 3678 haud
420 3614 539 3699 poterit
563 3624 674 3679 tamen
700 3637 765 3678 uno
789 3623 934 3700 tempore
958 3622 1064 3680 totum

136 3718 289 3804 compleri
315 3719 475 3803 spatium;
505 3741 582 3783 nam
608 3719 749 3803 primum
773 3741 935 3804 quemque
961 3729 1120 3783 necessest

138 3831 272 3908 occupet
295 3823 350 3887 1116
376 3823 491 3900 locum,
514 3823 632 3888 deinde
656 3823 765 3887 omnia
788 3823 1020 3909 possideantur.
1197 3842 1260 3906 390

73 3979 120 4027 ott
141 3975 181 4025 for
191 3978 252 4040 fieri
268 3976 335 4026 have
351 3979 464 4027 valerent
480 3976 566 4026 which
583 3992 691 4040 appears
707 3980 736 4027 to
752 3993 823 4028 come
840 3978 907 4027 from
925 3990 991 4026 nnus
1005 3975 1079 4024 twice
1093 3974 1196 4026 written
1207 3976 1260 4026 ond

73 4074 156 4109 rcum:
178 4060 222 4121 yet
240 4059 357 4121 Bernoys
374 4060 404 4107 in
419 4060 467 4109 356
486 4058 562 4108 reads
581 4075 633 4122 quc
651 4074 755 4122 corpora
774 4075 886 4122 quaeque
905 4060 1020 4108 colerent
1037 4057 1077 4106 for
1096 4073 1147 4120 qao
1160 4066 1260 4120 possent

90 4159 115 4206 q.
217 4142 265 4191 366
282 4145 316 4191 Ar
332 4141 401 4191 Flor.
420 4143 451 4191 30
467 4156 532 4191 corr.
553 4140 618 4206 (cod.
636 4140 718 4206 Nice.)
731 4140 784 4190 and
794 4141 864 4192 Flor.
878 4141 908 4188 31
920 4139 961 4188 for
971 4147 1024 4190 eut.
1125 4139 1174 4190 367
1184 4143 1260 4188 caari

74 4224 304 4276 interemtum.
316 4222 407 4274 Lamb.
421 4226 469 4274 etc.
484 4222 524 4271 for
535 4226 635 4272 oueuim
645 4225 727 4272 minas
739 4223 770 4272 B.
783 4222 836 4272 and
850 4221 921 4271 Gott.
963 4236 1070 4270 vocarem
1085 4220 1160 4270 Wak.
1177 4220 1257 4271 Lech.

73 4323 99 4358 c.
116 4307 201 4357 retain
217 4307 281 4356 with
298 4307 328 4364 A,
346 4306 390 4356 the
406 4306 467 4356 Ital.
485 4305 538 4356 and
555 4306 644 4355 (lomb.
662 4321 724 4356 mss.
825 4305 874 4354 384
888 4319 1009 4353 concursu
1021 4303 1092 4351 Gott.
1104 4317 1130 4364 p.
1142 4316 1178 4351 m.
1190 4302 1259 4351 Flor.

73 4393 166 4440 lcorr.
183 4390 224 4448 81,
242 4388 319 4438 Pont.
337 4389 401 4440 Mar.
422 4389 498 4438 Junt.
516 4389 556 4437 lor
572 4403 695 4443 concurso.
828 4389 876 4438 339
894 4400 1021 4448 quemque.
1056 4399 1167 4447 quosque
1184 4382 1260 4436 Pont.

1093 4487 1185 4547 t-u
