2842 4860
662 245 717 308 ΙΙΙ

170 403 328 468 siminus
351 404 486 470 offendit
508 405 609 469 vitam
633 405 682 470 vis
705 406 834 472 horrida
855 407 914 472 teli

170 507 294 572 ossibus
316 531 353 573 ac
375 509 483 574 nervis
504 508 652 573 disclusis
673 508 765 574 intus
786 509 911 587 adacta,

169 620 205 676 at
227 619 339 676 tamen
360 612 544 698 insequitur
565 613 702 699 languor
723 621 893 698 terraeque
915 614 1040 700 petitus

168 715 282 799 segnis,
306 716 396 779 etin
418 724 505 781 terra
526 716 645 780 mentis
667 715 724 800 qui
746 716 892 801 gignitur
913 726 1030 797 aestus,

168 817 398 904 interdumque
420 819 513 904 quasi
533 819 710 903 exurgendi
733 820 857 884 incerta
877 821 1034 887 voluntas.

168 945 242 1008 ergo
265 946 449 1009 corpoream
471 934 622 988 naturam
644 925 745 989 animi
768 948 836 990 esse
859 937 1027 1004 necessest,

168 1026 326 1110 corporeis
348 1027 502 1112 quoniam
524 1027 599 1091 telis
620 1027 753 1113 ictuque
777 1029 909 1095 laborat.

210 1130 244 1193 Is
266 1131 328 1194 tibi
350 1153 436 1195 nunc
459 1131 586 1195 animus
609 1131 698 1216 quali
721 1132 765 1197 sit
787 1154 917 1216 corpore
940 1141 973 1198 et
995 1133 1082 1198 unde

63 1260 66 1264 ’
167 1233 348 1298 constiterit
369 1256 501 1318 pergam
524 1235 683 1298 rationem
705 1234 838 1299 reddere
860 1235 966 1302 dictis.

166 1336 324 1422 principio
348 1358 417 1401 esse
439 1338 490 1400 aio
512 1337 725 1422 persuptilem
747 1347 846 1423 atque
869 1339 1003 1416 minutis

166 1461 322 1525 perquam
344 1440 528 1525 corporibus
551 1441 674 1505 factum
697 1451 850 1508 constare.
896 1444 931 1507 id
953 1444 1002 1509 ita
1024 1467 1093 1510 esse
1196 1493 1198 1496 ι

166 1543 241 1607 hinc
263 1543 338 1608 licet
361 1544 511 1608 advertas
533 1545 679 1608 animum
701 1559 740 1608 ut
762 1569 950 1630 pernoscere
972 1549 1093 1632 possis:

164 1649 211 1712 nil
234 1648 313 1714 adeo
336 1649 406 1714 fieri
428 1650 524 1714 celeri
547 1650 672 1714 ratione
697 1650 834 1726 videtur,
1076 1723 1079 1730 ,

164 1774 263 1836 quarn
286 1753 347 1818 sibi
368 1776 461 1818 mens
483 1754 555 1818 fieri
577 1754 729 1839 proponit
752 1764 785 1818 et
807 1755 940 1821 inchoat
961 1755 1049 1842 ipsa;

136 1926 141 1934 ,
165 1853 253 1918 ocius
275 1877 349 1940 ergo
372 1857 500 1920 animus
521 1878 620 1940 quam
641 1878 692 1920 res
714 1878 747 1920 se
770 1857 891 1940 perciet
913 1857 989 1935 ulla,

163 1967 240 2022 ante
263 1959 369 2023 oculos
391 1981 528 2044 quorum
551 1959 587 2022 in
608 1967 762 2044 promptu
786 1968 904 2024 natura
926 1959 1063 2025 videtur.

163 2072 198 2126 at
219 2063 307 2149 quod
329 2065 448 2137 mobile
469 2073 563 2135 tanto
585 2073 722 2149 operest,
746 2071 892 2132 constare
914 2066 1065 2129 rutundis

164 2190 320 2253 perquam
344 2169 523 2233 seminibus
544 2168 643 2233 debet
665 2189 885 2253 perquamque
908 2169 1053 2247 minutis,

165 2273 306 2337 momine
329 2273 380 2338 uti
401 2296 499 2359 parvo
522 2274 646 2359 possint
668 2273 797 2359 inpulsa
819 2273 949 2337 moveri.

164 2399 305 2462 namque
328 2386 475 2459 movetur
496 2400 582 2462 aqua
602 2389 637 2442 et
659 2377 787 2441 tantillo
809 2376 950 2441 momine
973 2377 1069 2442 flutat

164 2481 285 2566 quippe
308 2482 504 2546 volubilibus
526 2482 698 2567 parvisque
720 2489 828 2545 creata
849 2480 969 2565 figuris,

164 2591 199 2648 at
221 2593 332 2648 contra
353 2584 458 2649 mellis
480 2585 677 2649 constantior
699 2591 748 2648 est
770 2592 888 2647 natura

165 2697 198 2751 et
220 2689 304 2772 pigri
327 2688 438 2752 latices
460 2689 564 2775 magis
586 2696 620 2752 et
642 2687 845 2752 cunctantior
867 2695 975 2766 actus3

164 2790 276 2856 haeret
298 2794 385 2857 enim
407 2794 494 2858 inter
516 2815 550 2856 se
573 2794 675 2878 magis
698 2791 802 2856 omnis
823 2791 972 2856 materiai

163 2896 263 2980 copia,
284 2895 439 2960 nimirum
461 2897 538 2980 quia
559 2918 624 2960 non
645 2904 713 2960 tam
736 2895 862 2959 levibus
885 2903 975 2961 extat

163 2999 347 3082 corporibus
369 3022 476 3084 neque
497 3008 567 3064 tam
589 2999 763 3084 suptilibus
785 3006 885 3083 atque
908 2998 1065 3064 rutundis.

162 3124 302 3186 namque
325 3103 492 3188 papaveris
513 3126 592 3167 aura
612 3111 720 3188 potest
742 3124 897 3187 suspensa
917 3102 1061 3188 levisque

163 3226 274 3288 cogere
297 3215 341 3272 ut,
356 3205 397 3269 ab
420 3228 546 3269 summo
568 3205 631 3269 tibi
653 3205 780 3270 diffluat
803 3205 889 3269 altus
910 3227 1060 3284 acervus3

161 3313 195 3368 at
218 3314 329 3369 contra
350 3305 496 3391 lapidum
518 3307 697 3371 conlectum
719 3308 789 3392 ipse
811 3308 900 3371 euru'
921 3330 1050 3373 movere

74 3455 139 3505 with
157 3456 201 3505 AB
221 3457 292 3506 Nico.
326 3460 406 3506 animi
422 3460 461 3507 vir
478 3458 580 3508 Nonius
595 3447 666 3510 Brir.
807 3455 854 3508 170·
870 3456 1011 3519 offenditB
1029 3472 1093 3507 corr.
1108 3458 1149 3508 for
1165 3463 1276 3523 offendis.

109 3540 154 3587 teli
173 3539 237 3587 Mar..
257 3539 332 3589 Junt.
353 3542 423 3589 most
440 3540 511 3603 truly
528 3540 568 3589 for
586 3542 640 3589 leti.
748 3539 794 3590 172
812 3546 940 3601 terraeque
953 3540 1050 3600 petitas
1068 3540 1157 3603 Segnis
1172 3543 1222 3592 Ed.
1240 3545 1280 3594 for

76 3628 94 3669 ι.
109 3636 137 3683 p.
159 3622 259 3681 Suavis,
280 3620 387 3669 because
406 3621 420 3668 I
439 3636 488 3670 can
508 3621 586 3670 think
605 3621 633 3670 of
648 3619 761 3681 nothing
780 3619 877 3668 better:
903 3621 989 3668 mavis
1009 3620 1160 3686 manifestly
1176 3623 1226 3674 has
1243 3641 1278 3675 nc

74 3717 157 3753 sense.
193 3705 292 3766 Suppes
303 3703 399 3754 Lech:
422 3704 468 3754 but
484 3704 544 3766 why
558 3720 650 3766 suppar
665 3703 752 3753 rather
768 3702 834 3752 than
847 3702 964 3764 promes?
991 3716 1086 3752 aman
1106 3704 1129 3753 is
1148 3709 1279 3771 generally

74 3784 199 3834 wounded
219 3785 247 3833 in
267 3786 338 3836 front
357 3786 410 3835 and
428 3785 499 3845 then,
518 3802 547 3836 as
565 3787 642 3835 Luor.
660 3799 719 3848 says
739 3800 766 3834 rv
786 3784 857 3842 1049,
872 3783 906 3832 he
923 3783 983 3833 falls
1000 3784 1123 3834 iorwards
1139 3791 1187 3835 not
1203 3788 1278 3838 back·

73 3867 165 3916 words.
199 3869 294 3917 Saevus
313 3875 337 3917 et
355 3869 431 3916 Bern.
451 3868 517 3917 after
536 3883 552 3917 a
571 3867 656 3916 friend
673 3867 702 3916 of
717 3865 791 3916 Wslr
813 3866 854 3914 Mr
869 3864 941 3914 John
956 3866 1052 3915 lones:
1072 3865 1119 3915 but
1130 3867 1175 3917 the
1186 3872 1278 3932 copula

73 3957 98 3998 et
116 3948 139 3997 is
158 3964 234 3998 never
253 3950 335 3998 found
351 3951 380 3998 in
397 3952 474 4001 Lucr.
493 3955 539 4000 out
558 3950 586 3999 of
603 3951 639 3998 its
656 3950 735 4012 place,
754 3948 807 3998 and
825 3963 840 3997 a
858 3947 941 4009 single
958 3947 1076 4011 example
1094 3954 1166 4000 must
1183 3955 1230 4001 not
1247 3953 1278 4002 be

72 4031 226 4080 introduced
243 4032 277 4095 by
293 4032 447 4094 conjecture.
520 4035 567 4082 183
584 4035 635 4082 sibi
654 4032 728 4083 Wak.
749 4032 789 4080 for
806 4033 845 4082 ei:
861 4046 878 4079 r
896 4030 959 4105 1142
976 4031 998 4079 B
1015 4030 1064 4081 has
1083 4035 1106 4081 si
1122 4033 1164 4082 ior
1179 4037 1237 4086 sibi.

107 4114 154 4163 198
177 4117 350 4177 spicarumque
372 4131 434 4165 mss.
479 4116 555 4166 Bern.
585 4114 634 4164 has
659 4130 720 4188 seen
747 4113 806 4164 that
828 4113 856 4162 in
878 4113 922 4163 the
945 4114 1033 4163 letters
1054 4129 1127 4171 trouu
1150 4116 1194 4166 the
1215 4117 1276 4166 verb

72 4209 178 4245 norrun
201 4197 289 4246 lurlrs:
317 4197 346 4245 in
368 4199 416 4247 236
438 4213 498 4248 mss.
524 4201 700 4260 multamquera'
725 4198 766 4247 for
791 4200 872 4246 malta
896 4199 1006 4248 moveri:
1037 4197 1071 4247 he
1092 4199 1167 4248 reads
1189 4202 1275 4249 caetra?

71 4264 181 4326 monere:
203 4277 250 4326 but
265 4277 370 4350 uhence
386 4293 471 4346 comes
490 4278 535 4328 the
552 4280 610 4341 spi?
643 4279 656 4327 Ι
675 4279 741 4328 have
759 4277 885 4328 therefore
902 4278 1005 4331 written
1021 4280 1074 4340 ipse
1091 4279 1160 4328 euru'
1170 4295 1271 4345 meere.

70 4360 176 4421 spiritus
187 4374 246 4409 acer
256 4359 335 4411 Lech.
347 4380 353 4412 ι
372 4361 420 4410 but
436 4361 480 4412 the
497 4365 617 4411 sentence
633 4362 745 4423 requires
761 4376 777 4410 a
794 4361 862 4411 verb.
895 4365 1028 4424 epistotam
1047 4361 1100 4410 and
1119 4361 1163 4411 the
1182 4361 1232 4412 like
1248 4364 1277 4414 of
