2842 4860
252 410 423 476 servitium
449 419 562 476 contra
585 418 760 496 paupertas
785 410 994 497 divitiaeque,

251 514 385 580 libertas
409 515 532 580 bellum
559 515 735 592 concordia,
760 523 868 580 cetera
893 538 1032 600 quorum

252 618 395 683 adventu
417 628 529 684 manet
550 619 720 684 incolumis
742 629 860 684 natura
882 621 1048 706 obituque,

252 722 332 787 haec
357 723 445 787 soliti
471 745 590 800 sumus,
612 730 651 787 ut
676 744 735 807 par
761 731 819 798 est,
848 732 964 788 eventa
988 745 1108 788 vocare.

147 830 150 837 '
252 835 383 912 tempus
406 827 487 891 item
510 848 568 911 per
593 848 627 890 se
652 847 718 889 non
741 834 799 904 est,
823 826 878 891 sed
902 826 998 890 rebus
1024 828 1065 891 ab
1092 827 1170 912 ipsis

252 930 458 1015 consequitur
481 950 601 1002 sensus,
628 936 828 992 transactum
854 929 933 1012 quid
957 929 1058 994 sitin
1084 952 1172 1006 aevo,
1214 961 1216 966 ·
1306 932 1374 1012 460

251 1042 324 1104 tum
349 1055 507 1118 quaeres
532 1032 641 1107 instet,
669 1032 748 1119 quid
773 1054 869 1117 porro
894 1033 1011 1097 deinde
1036 1043 1198 1118 sequatur.

250 1159 310 1202 nec
333 1159 391 1223 per
414 1159 449 1201 se
474 1157 672 1221 quemquam
696 1142 827 1220 tempus
851 1136 971 1201 sentire
994 1137 1194 1204 fatendumst

251 1249 412 1306 semotum
437 1240 480 1304 ab
502 1262 611 1303 rerum
635 1248 726 1304 motu
752 1240 944 1325 placidaque
969 1241 1090 1326 quiete.

251 1344 391 1430 denique
414 1343 632 1429 Tyndaridem
652 1351 781 1429 raptam
806 1344 957 1429 belloque
983 1345 1132 1410 subactas

173 1465 174 1469 ’
249 1448 461 1532 Troiiugenas
484 1446 592 1532 gentis
615 1468 690 1511 cum
713 1446 827 1511 dicunt
852 1468 930 1524 esse,
953 1447 1161 1512 videndumst
1305 1449 1370 1529 465

250 1573 293 1616 ne
315 1553 397 1616 forte
419 1551 499 1616 haec
521 1573 579 1636 per
601 1573 635 1614 se
658 1559 776 1635 cogant
798 1573 857 1615 nos
878 1573 947 1616 esse
969 1551 1073 1629 fateri,

250 1654 381 1741 quando
404 1677 442 1719 ea
464 1655 568 1719 saecla
590 1654 770 1730 hominum,
792 1676 931 1738 quorum
953 1654 1033 1718 haec
1055 1663 1173 1719 eventa
1194 1655 1336 1733 fuerunt,

249 1759 472 1824 inrevocabilis
494 1758 666 1823 abstulerit
688 1757 754 1822 iam
776 1759 954 1843 praeterita
975 1769 1085 1838 actas3

248 1885 390 1949 namque
411 1863 495 1927 aliut
516 1861 656 1940 Teucria,
679 1861 763 1926 aliut
784 1861 970 1947 regionibus
991 1862 1070 1947 ipsis

250 1975 405 2032 eventum
427 1966 491 2031 dici
512 1965 634 2052 poterit
656 1966 883 2052 quodcumque
905 1966 967 2031 erit
990 1974 1110 2031 actum.
1306 1982 1373 2048 470

249 2071 390 2157 denique
411 2070 563 2136 materies
585 2071 613 2135 si
634 2093 742 2135 rerum
764 2070 855 2134 nulla
876 2070 991 2135 fuisset

249 2198 308 2240 nec
330 2175 418 2239 locus
440 2197 477 2239 ac
499 2174 650 2260 spatium,
672 2196 723 2238 res
746 2174 781 2237 in
803 2195 868 2258 quo
891 2195 1039 2259 quaeque
1061 2183 1227 2259 geruntur,

249 2300 429 2363 numquam
451 2277 644 2363 Tyndaridis
665 2278 787 2342 formae
810 2276 968 2342 conflatus
989 2301 1098 2344 amore

247 2383 340 2469 ignia,
361 2382 541 2448 Alexandri
562 2382 703 2468 Phrygio
725 2383 786 2447 sub
807 2391 937 2468 pectore
959 2383 1105 2468 gliscens,

248 2488 333 2552 clara
354 2487 552 2552 accendisset
574 2487 661 2551 saevi
683 2487 861 2551 certamina
883 2487 970 2566 belli,

248 2613 308 2656 nec
329 2592 413 2656 clani
435 2592 589 2656 durateus
611 2591 771 2656 Troiianis
792 2592 950 2677 Pergama
971 2601 1069 2678 partu

248 2695 481 2790 inflammasset
503 2717 602 2781 equos
623 2704 783 2760 nocturno
806 2695 1097 2782 Graiiugenarum

247 2799 426 2885 perspicere
448 2807 487 2864 ut
508 2801 609 2885 possis
631 2823 682 2865 res
704 2809 813 2886 gestas
836 2801 985 2866 funditus
1007 2802 1111 2865 omnis

247 2903 384 2968 nonita
404 2905 455 2969 uti
476 2927 591 2991 corpus
612 2928 670 2990 per
692 2928 726 2969 se
748 2915 894 2971 constare
917 2927 1023 2992 neque
1045 2927 1124 2982 esse,

248 3030 307 3072 neo
329 3007 455 3073 ratione
476 3009 583 3077 cluere
606 3009 720 3074 eadem
742 3033 808 3096 qua
829 3019 955 3075 constet
976 3011 1082 3086 inane,
1307 3014 1374 3090 480

247 3112 302 3176 sed
325 3112 429 3198 magis
451 3121 490 3177 ut
511 3113 626 3177 merito
647 3113 749 3200 possis
771 3123 889 3178 eventa
909 3136 1022 3178 vocare

247 3215 386 3304 corporis
408 3223 506 3301 atque
528 3216 598 3294 loci,
621 3239 671 3281 res
694 3216 729 3279 in
752 3239 816 3302 quo
838 3239 989 3302 quaeque
1011 3223 1174 3300 gerantur.

291 3321 434 3406 Corpora
455 3329 533 3386 sunt
554 3343 648 3406 porro
670 3322 792 3406 partim
814 3323 990 3408 primordia
1011 3343 1129 3398 rerum,

161 3584 257 3632 cannot
273 3580 347 3643 exist,
365 3580 418 3630 and
433 3581 479 3630 the
495 3577 654 3631 datives'are
669 3585 716 3631 not
733 3581 878 3632 consistent
892 3580 955 3631 with
966 3582 1011 3631 the
1022 3581 1147 3644 genitivos
1158 3581 1186 3630 of
1196 3582 1262 3633 453:
1279 3581 1372 3632 Lamb.

160 3664 235 3714 reads
246 3666 322 3723 siaa,
333 3665 409 3721 calor,
421 3663 526 3725 igniba’,
538 3666 622 3727 liquor
632 3666 728 3727 aquai:
746 3663 793 3713 but
804 3664 880 3713 Lucr.
892 3678 971 3713 never
981 3678 1041 3712 uses
1053 3677 1069 3712 a
1080 3662 1134 3712 dat,
1146 3662 1175 3710 in
1186 3665 1224 3711 ai.
1322 3665 1371 3714 455

162 3748 268 3796 diuitiae
281 3746 379 3794 Aoorr.
390 3744 461 3794 Nico.
473 3745 513 3794 for
524 3747 619 3794 diviua.
691 3744 740 3794 458
751 3753 840 3794 ereata
850 3744 896 3794 the
907 3759 978 3794 same
989 3743 1030 3794 for
1040 3751 1134 3793 evenio.
1210 3744 1259 3794 465
1272 3747 1374 3795 Troiia-

159 3843 246 3892 9aaas,
257 3828 305 3880 476
320 3828 456 3886 Troiianis,
468 3828 516 3879 477
530 3828 743 3888 Graiiugenarum
753 3825 833 3876 Laeh.
845 3824 909 3875 with
919 3826 942 3874 A
953 3827 1012 3888 (477
1026 3824 1195 3890 Θταὶὶαρ.Δ)ε
1211 3840 1252 3875 see
1261 3826 1373 3887 Quintil.

161 3910 202 3959 14
218 3911 249 3959 ll
267 3908 350 3958 ‘sciat
365 3907 445 3958 etiam
462 3907 582 3958 Ciceroni
597 3907 736 3970 placuisse,
749 3910 803 3957 aiio
818 3910 978 3969 Maiiamque
993 3906 1126 3969 geminata
1142 3906 1301 3970 iscribere’3
1317 3909 1372 3959 and

161 3991 278 4042 Priscian
295 3990 358 4041 inst.
375 4005 414 4038 vrr
431 3990 470 4050 19,
487 3989 545 4039 who
561 3989 658 4052 rightly
675 4004 734 4052 says
751 3989 810 4039 thet
826 3989 856 4038 in
872 3989 918 4040 the
934 3989 1018 4039 oldest
1034 3988 1150 4051 writings
1166 4003 1218 4051 you
1234 3989 1289 4039 find
1305 3994 1373 4041 eiius

162 4075 304 4138 Pompeiias
324 4074 449 4123 Volteiias
468 4074 559 4121 Gaiius
576 4070 628 4121 and
645 4070 690 4121 the
706 4071 772 4120 like:
790 4071 863 4120 often
878 4086 907 4120 so
922 4070 950 4119 in
965 4073 1055 4119 extant
1070 4069 1256 4132 inscriptions:
1274 4085 1316 4121 see
1327 4076 1372 4122 too

77 4183 79 4186 <
162 4155 276 4205 Ribbeck
291 4154 357 4218 prol.
373 4152 450 4215 Verg.
466 4169 493 4216 p.
510 4154 566 4214 138,
587 4152 750 4204 Studemund
765 4152 859 4202 Rhein.
876 4167 943 4201 mus.
960 4166 1005 4200 xxr
1020 4167 1047 4214 p.
1062 4151 1328 4213 boemicensem
1345 4170 1372 4217 p.

163 4240 202 4291 18.
303 4237 351 4289 467
363 4238 471 4301 fueruat
485 4235 557 4286 eoa.
573 4234 671 4298 rightly
686 4235 727 4285 for
739 4237 822 4300 fuerit
838 4235 867 4285 of
881 4235 934 4286 ΔΒ.
962 4235 1039 4298 fuere
1056 4234 1126 4284 Nico.
1143 4236 1214 4285 Flor.
1231 4237 1263 4285 31
1281 4236 1371 4290 camb.

161 4324 210 4372 ete.
310 4320 359 4370 469
377 4320 480 4371 Teucria
496 4318 545 4369 Ed
565 4318 606 4369 for
622 4319 705 4369 aab.
733 4332 782 4382 per
796 4323 846 4367 sert
861 4315 941 4368 Laoh.
973 4319 1063 4368 saecla
1079 4318 1157 4368 Bern.
1190 4320 1262 4369 reboo
1277 4318 1372 4370 Lemb.

163 4405 236 4454 torris
253 4401 305 4453 and
323 4402 460 4465 legionibus
477 4399 553 4452 Wak.
650 4399 701 4449 iso
714 4400 735 4448 μ’
812 4397 835 4424 “
850 4397 1000 4451 emmor.
1017 4400 1049 4450 80
1062 4399 1371 4452 concamaratum.
