2842 4860
241 405 421 485 concilium,
440 408 525 492 quod
546 406 643 472 inane
665 414 766 493 queat
785 429 894 472 rerum
915 405 1070 472 cohibere.

240 509 392 576 materies
411 511 521 596 igitur,
544 510 645 575 solido
665 533 750 595 quae
770 533 900 596 corpore
923 519 1057 588 constat,

241 636 309 678 esse
332 622 464 679 aeterna
481 622 599 699 potest,
615 637 691 680 cum
711 623 818 680 cetera
838 615 1065 680 dissoluantur.

240 727 313 781 tum
335 739 428 802 porro
451 717 478 782 si
498 717 546 781 nil
566 727 651 784 esset
671 718 758 802 quod
778 719 874 782 inane
894 726 1032 794 vocaret,

240 842 336 885 omne
356 823 440 885 foret
461 821 618 902 solidum;
646 821 710 885 nisi
730 829 842 885 contra
861 843 992 906 corpora
1010 829 1098 885 certa

240 932 347 989 essent
367 946 451 1009 quae
472 925 543 990 loca
562 926 760 1011 complerent
781 948 1003 1011 quaecumque
1025 933 1183 1000 tenerent,

241 1050 336 1093 omne
356 1028 442 1112 quod
463 1030 683 1114 estepanum
703 1051 843 1094 vacuum
861 1036 1022 1094 constaret
1040 1028 1146 1093 inane.

239 1131 374 1196 alternis
394 1132 496 1217 igitur
515 1134 670 1199 nimirum
690 1155 805 1219 corpus
825 1133 915 1198 inani

240 1235 470 1313 distinctumst,
487 1236 641 1322 quoniam
661 1259 721 1302 nec
741 1237 877 1322 plenum
896 1236 1024 1301 naviter
1043 1242 1135 1302 extat

240 1361 300 1403 nec
319 1360 413 1423 porro
433 1362 581 1404 vacuum.
611 1349 689 1405 sunt
711 1363 787 1426 ergo
807 1362 939 1427 corpora
958 1348 1046 1405 certa

240 1465 324 1527 quae
342 1443 484 1528 spatium
503 1444 599 1529 pleno
619 1443 745 1529 possint
764 1444 963 1528 distinguere
981 1443 1085 1508 inane.

241 1546 320 1610 haec
340 1567 446 1631 neque
467 1546 601 1611 dissolui
618 1547 723 1632 plagis
743 1548 942 1612 extrinsecus
964 1547 1029 1612 icta

240 1658 377 1736 possunt
396 1673 456 1714 nec
475 1673 570 1735 porro
588 1651 720 1735 penitus
741 1659 913 1736 penetrata
932 1650 1036 1715 retexi

241 1777 300 1819 nec
320 1753 446 1818 ratione
466 1762 593 1838 queunt
612 1753 678 1819 alia
699 1761 862 1840 temptata
881 1754 1009 1834 labare3

241 1858 274 1921 id
293 1857 464 1942 quodiam
484 1878 582 1941 supra
598 1856 661 1922 tibi
680 1857 776 1942 paulo
795 1857 995 1922 ostendimus
1015 1866 1099 1923 ante.

241 1985 318 2027 nam
336 1984 442 2048 noque
463 1961 582 2026 conlidi
602 1961 672 2026 sine
694 1962 784 2026 inani
804 1983 897 2046 posse
917 1961 1047 2026 videtur

240 2066 415 2151 quicquam
432 2087 492 2129 nec
512 2064 617 2149 frangi
635 2087 695 2129 nec
713 2064 794 2129 findi
813 2064 849 2128 in
868 2065 947 2130 bina
965 2066 1101 2130 secando

240 2192 300 2234 nec
318 2191 432 2254 capere
449 2190 595 2232 umorem
613 2191 720 2253 neque
740 2170 821 2232 item
838 2169 1000 2233 manabile
1018 2169 1119 2254 frigus

240 2295 300 2337 nec
316 2272 517 2358 penetralem
539 2272 657 2357 ignem,
675 2272 795 2357 quibus
813 2272 922 2336 omnia
941 2273 1164 2340 conficiuntur.

241 2386 275 2442 et
297 2398 361 2460 quo
383 2398 532 2461 quaeque
554 2376 658 2461 magis
680 2376 811 2441 cohibet
833 2399 884 2440 res
905 2377 995 2441 intus
1017 2377 1122 2454 inane,

240 2489 310 2545 tam
332 2480 434 2562 magis
456 2479 509 2544 his
529 2480 628 2544 rebus
649 2478 781 2564 penitus
803 2488 967 2564 temptata
989 2479 1131 2546 labascit.

240 2606 315 2668 ergo
337 2583 365 2647 si
386 2582 489 2647 solida
508 2605 545 2648 ac
565 2583 635 2647 sine
657 2582 748 2646 inani
768 2605 898 2668 corpora
917 2584 1024 2668 prima

240 2695 318 2752 sunt
339 2686 388 2750 ita
409 2685 460 2750 uti
478 2686 581 2766 docui,
602 2686 667 2751 sint
687 2686 767 2750 haec
786 2695 919 2751 aeterna
937 2694 1106 2752 necessest.

240 2798 407 2876 praeterea
426 2790 490 2855 nisi
509 2791 661 2855 materies
679 2799 812 2856 aeterna
832 2791 956 2868 fuisset,

240 2894 379 2958 antehac
398 2893 440 2958 ad
462 2894 568 2959 nilum
589 2895 722 2980 penitus
744 2918 795 2960 res
818 2917 965 2981 quaeque
985 2896 1144 2961 redissent

239 2998 281 3062 de
300 2997 432 3083 niloque
451 3007 565 3062 renata
584 2998 692 3062 forent
713 3021 938 3084 quaecumque
957 2999 1113 3066 videmus.

239 3111 274 3165 at
295 3100 449 3186 quoniam
469 3123 567 3186 supra
586 3101 681 3166 docui
700 3101 749 3165 nil
768 3124 861 3187 posse
881 3103 982 3167 creari

199 3285 203 3292 Ι
239 3205 280 3269 de
302 3203 370 3269 nilo
391 3226 496 3289 neque
518 3205 605 3289 quod
627 3204 775 3289 genitum
798 3213 848 3269 est
869 3205 911 3269 ad
932 3205 980 3269 nil
1002 3207 1152 3279 revocari,

239 3330 308 3372 esse
326 3307 491 3371 inmortali
511 3306 688 3392 primordia
707 3330 839 3393 corpore
859 3308 989 3386 debent,

238 3412 372 3476 dissolui
393 3434 457 3497 quo
480 3435 629 3497 quaeque
652 3434 801 3497 supremo
823 3419 969 3497 tempore
993 3413 1126 3498 possint,

240 3515 392 3580 materies
414 3524 452 3580 ut
474 3515 662 3601 subpeditet
683 3516 781 3580 rebus
803 3516 998 3599 reparandis

152 3747 209 3789 stet.
334 3737 382 3788 504
400 3753 482 3787 rerum
500 3739 578 3799 louqe.
614 3737 678 3799 ‘leg
699 3739 769 3799 taqe
789 3737 884 3787 rerum'
903 3737 989 3787 Bentl.
1121 3741 1362 3803 utrumquem

151 3835 235 3870 rerum
251 3834 334 3870 meme
350 3819 422 3882 quite
438 3818 517 3882 right.
549 3822 626 3868 iaaac
643 3821 672 3868 tu
687 3818 755 3869 rebu’
773 3825 849 3881 queat
864 3819 945 3870 Lach.
981 3826 1071 3868 tectum
1088 3820 1361 3874 Mar.Ald.1Junt.

151 3902 244 3952 Iamb.
258 3901 298 3951 ed.
316 3902 331 3951 1
348 3901 401 3951 and
418 3903 441 3964 2,
455 3917 540 3951 uerum
555 3902 634 3951 Bern.
648 3902 689 3950 for
703 3916 795 3951 rerum.
893 3903 943 3951 520
957 3911 1020 3952 esset
1034 3902 1057 3950 A
1071 3917 1137 3952 corr.
1154 3904 1252 3954 Arana.
1264 3905 1305 3954 for
1316 3914 1361 3956 est.

150 3986 273 4047 siquidem
283 3983 447 4036 ailestNiao.
481 3983 820 4034 vocaretistheoldform:
838 3987 1001 4035 seenoteet.
1034 3986 1228 4036 uacaretLach.
1313 3990 1361 4037 525

150 4068 337 4127 Diadumenus,
358 4069 477 4129 quautam
493 4066 584 4116 bamb.
604 4070 673 4116 most
692 4067 790 4130 rightly
807 4067 847 4116 for
866 4069 1024 4118 Distiactum
1043 4071 1161 4130 quoniam
1177 4068 1262 4117 which
1280 4069 1361 4118 Lech.

151 4147 250 4198 retains
265 4147 406 4210 beginning
423 4147 468 4197 the
484 4147 605 4210 apodasis
620 4147 685 4198 with
700 4156 759 4198 suat
775 4163 832 4210 erqo
849 4147 877 4196 in
894 4149 950 4198 526.
983 4148 1042 4197 Ald.
1060 4149 1074 4196 l
1092 4148 1145 4198 and
1160 4150 1234 4199 Junt.
1250 4165 1319 4200 seem
1334 4155 1362 4200 to

152 4230 212 4280 take
224 4231 370 4280 distinctum
380 4230 420 4279 for
431 4231 578 4279 distinctum
589 4238 625 4279 est
636 4227 689 4278 and
699 4231 727 4278 to
738 4228 900 4279 understand
911 4228 956 4278 the
966 4243 1076 4291 passage
1086 4230 1191 4293 rightly.
1313 4234 1362 4284 527

148 4315 225 4375 pleae
241 4312 307 4362 Mar.
323 4311 382 4362 Ald.
399 4312 413 4360 1
431 4310 484 4361 and
500 4312 574 4362 tunt.
591 4312 632 4363 for
644 4327 735 4377 poena,
752 4311 806 4362 and
819 4314 896 4362 iaaac
912 4312 953 4362 lor
967 4314 1050 4362 imai.
1149 4315 1197 4362 533
1206 4314 1277 4376 fiadt
1291 4313 1362 4363 Flor.

152 4396 182 4443 31
196 4395 266 4445 Mon.
279 4394 337 4444 Ver.
349 4394 413 4445 Ven.
426 4395 466 4444 for
472 4395 560 4458 fundi.
659 4395 706 4445 542
718 4410 765 4458 que
776 4403 867 4446 renata
878 4394 970 4446 Lamb.
982 4394 1023 4445 for
1034 4402 1182 4457 quaeraata.
