2842 4860
695 237 731 300 II
1274 256 1314 324 95

188 402 318 466 scilicet
341 424 409 467 esse
431 402 563 488 globosa
584 408 703 478 temen,
726 423 801 465 curn
824 402 971 486 squalida
993 412 1149 481 constent,

196 507 340 590 provolvi
362 507 460 571 simul
482 515 520 570 ut
541 506 667 592 possint
688 515 723 572 et
745 505 872 571 laedere
895 529 1016 571 sensus.
1250 526 1317 593 470

197 619 232 673 et
254 634 317 695 quo
339 611 444 675 mixte
465 620 561 697 putes
583 611 688 696 magis
710 634 824 696 aspera
846 611 972 676 levibus
995 633 1062 677 esse

197 714 373 800 principiis,
393 716 481 781 unde
504 724 555 780 est
576 716 729 801 Neptuni
752 738 867 800 corpus
889 716 1050 794 acerbum,

198 825 249 880 est
270 819 353 882 ratio
375 819 577 898 secemendi;
599 841 806 904 seorsumque
829 819 961 883 videndi

198 943 292 984 umor
314 922 426 998 duleis,
447 921 505 986 ubi
525 944 584 1006 per
605 929 709 985 terras
731 921 873 985 crebrius
896 921 983 985 idem

196 1028 385 1108 percolatur,
408 1033 446 1090 ut
468 1027 503 1090 in
526 1027 651 1090 foveam
673 1026 755 1089 fluat
778 1048 815 1089 ac
837 1033 1056 1105 mansuescat3
1251 1042 1313 1109 475

197 1128 318 1214 linquit
339 1131 427 1195 enirn
449 1153 566 1215 supera
587 1130 686 1194 taetri
709 1130 884 1214 primordia
904 1130 975 1207 viri,

196 1256 310 1318 aspera
330 1258 428 1320 quom
450 1235 553 1320 magis
576 1236 609 1298 in
632 1235 727 1299 terris
749 1236 933 1300 haerescere
954 1233 1089 1319 possint.

242 1337 336 1416 Quod
359 1340 512 1424 quoniam
536 1338 639 1415 docui,
662 1360 796 1422 pergem
819 1346 985 1402 conectere
1008 1360 1077 1402 rem
1098 1360 1182 1422 quse

198 1462 238 1504 ex
261 1441 320 1505 hoc
341 1451 420 1526 apta
441 1443 539 1507 fidem
561 1442 669 1520 ducat,
692 1442 869 1526 primordie,
890 1465 998 1506 rerum

198 1542 293 1607 finita
313 1546 437 1608 variare
461 1545 637 1630 figurarum
660 1545 796 1610 ratione.
1252 1550 1318 1626 480

197 1647 283 1730 quod
305 1647 419 1712 sinon
441 1648 489 1712 ite
510 1648 561 1724 sit,
583 1671 711 1712 rursum
734 1648 799 1712 iam
822 1648 947 1713 semina
968 1649 1129 1734 quaedem

198 1771 267 1813 esse
289 1750 418 1816 infinito
440 1750 606 1815 debebunt
628 1751 767 1835 corporis
790 1759 897 1817 auctu.

197 1874 338 1937 namque
360 1855 396 1917 in
418 1854 541 1932 eodem,
565 1877 631 1917 una
652 1855 794 1918 cuiusvis
816 1855 851 1916 in
873 1855 1034 1919 brevitate

198 1956 338 2040 corporis
359 1957 446 2021 inter
468 1979 501 2021 se
525 1938 667 2021 multum
688 1957 812 2021 variare
835 1957 956 2041 figurae

197 2081 264 2145 non
285 2069 435 2144 possunt:
457 2062 507 2125 fac
530 2062 618 2124 enim
638 2061 783 2125 minimis
805 2085 823 2126 e
845 2062 993 2146 partibus
1016 2084 1084 2126 esse
1250 2068 1313 2145 485

198 2184 329 2247 corpora
350 2164 454 2248 prime
476 2164 589 2240 tribus
611 2164 662 2227 vel
684 2165 781 2250 peulo
802 2164 950 2248 pluribus
972 2187 1069 2250 auge3

197 2289 316 2352 nempe
338 2269 396 2333 ubi
418 2291 472 2333 eus
493 2269 596 2354 partis
618 2269 716 2332 unius
738 2270 878 2354 corporis
899 2270 1013 2346 omnis,

197 2393 325 2434 summe
347 2380 445 2456 atque
468 2372 534 2435 ima
555 2372 670 2447 locens,
695 2381 917 2437 transmutans
939 2372 1073 2437 dextera
1094 2373 1203 2450 laevis,

197 2474 390 2538 omnimodis
413 2482 563 2558 expertus
585 2474 656 2551 eris
678 2497 777 2560 quum
800 2476 937 2561 quisque
961 2475 1017 2540 det
1040 2476 1117 2539 ordo

196 2577 311 2641 formai
332 2579 471 2663 speciem
495 2578 596 2642 totius
618 2580 757 2662 corporis
779 2580 858 2656 eius,
1250 2601 1317 2664 490

196 2682 282 2765 quod
305 2691 458 2766 superest,
480 2682 508 2746 si
530 2683 612 2747 forte
635 2684 722 2748 voles
744 2685 868 2749 variare
892 2685 1021 2770 figuras,

194 2785 380 2850 addendum
402 2786 504 2870 pertis
526 2786 606 2850 elias
628 2788 700 2863 erit,
722 2787 798 2852 inde
821 2799 985 2874 sequetur,

105 3031 227 3081 followed
237 3032 271 3095 by
281 3032 317 3081 111
331 3031 384 3082 eds.
403 3031 489 3081 before
504 3031 583 3082 Lech.
601 3031 702 3094 though
723 3032 767 3082 the
786 3036 869 3082 metre
885 3032 909 3081 is
926 3031 1034 3095 thereby
1049 3033 1169 3082 violated.
1267 3036 1316 3086 467

105 3119 157 3164 Eut
173 3131 186 3164 e
205 3117 299 3164 levibus
316 3123 392 3177 utque
409 3116 516 3163 rutundi
532 3117 649 3164 admixta
666 3117 759 3164 doloris
778 3119 888 3178 Corpora
905 3129 983 3164 mss:
1009 3130 1080 3164 some
1096 3116 1125 3165 of
1144 3115 1218 3165 these
1233 3118 1316 3166 words

105 3196 128 3246 it
139 3196 164 3245 is
175 3196 248 3260 plain
258 3195 324 3246 heve
335 3211 407 3245 come
416 3196 483 3244 from
494 3197 543 3246 466
555 3196 608 3246 sud
619 3195 775 3258 supplented
785 3196 830 3245 the
847 3196 931 3244 words
949 3197 978 3244 of
993 3196 1068 3246 Lucr.
1104 3199 1162 3255 Est,
1180 3205 1206 3246 et
1225 3199 1316 3248 levibu’

104 3287 166 3330 sunt
177 3279 281 3328 aliunde
298 3279 344 3328 etc.
359 3277 454 3328 Lech:
472 3276 568 3327 buthe
586 3278 651 3327 adds
673 3286 846 3339 ‘quemquem
864 3278 901 3326 sic
918 3291 1020 3338 quoque
1035 3275 1200 3326 mirationem
1216 3279 1317 3330 faciunt

102 3363 151 3411 ills
163 3362 256 3410 doloris
273 3361 392 3423 Corpora,
407 3375 473 3421 quue
490 3364 552 3410 sunt
568 3361 711 3423 pungentia
729 3375 821 3409 sensus
840 3364 866 3409 et
885 3359 1043 3410 laedentia’:
1060 3358 1132 3421 quite
1148 3363 1217 3410 true:
1236 3363 1312 3413 Bern.

103 3442 181 3492 reads
192 3444 241 3490 Est
251 3449 276 3490 et
286 3444 403 3504 squalida
413 3450 473 3491 11111
484 3444 539 3490 illie
554 3446 613 3503 etc,
629 3441 682 3491 and
700 3444 821 3504 squalida
839 3441 932 3490 indeed
952 3455 1035 3489 seems
1052 3455 1200 3503 necessary:
1217 3443 1232 3490 I
1250 3442 1317 3493 heve

104 3525 235 3575 therefore
253 3525 357 3573 written
373 3527 430 3586 Est,
451 3533 475 3573 et
495 3527 616 3588 squalida
633 3528 715 3574 multa
732 3532 820 3573 creant
836 3525 952 3572 admixtu
970 3524 1063 3572 doloris
1081 3525 1205 3585 Corpora:
1223 3526 1317 3575 doloris

104 3607 184 3669 being
197 3607 227 3656 of
243 3621 333 3656 course
347 3606 393 3655 the
407 3622 490 3658 secus.
505 3608 572 3670 plur.
674 3609 722 3656 468
738 3614 886 3657 necessumst
901 3606 986 3666 Lech,
1003 3606 1043 3654 for
1059 3622 1166 3656 necessu.
1268 3610 1316 3659 469

104 3696 220 3740 constent
230 3688 274 3737 old
284 3689 337 3740 eds.
352 3690 392 3738 for
404 3698 504 3740 constet.
605 3692 654 3741 471
672 3694 708 3740 Et
725 3707 773 3754 quo
789 3690 866 3740 Pont.
887 3690 951 3739 1111.
972 3690 1044 3739 Junt.
1065 3690 1106 3737 for
1122 3692 1158 3738 Et
1175 3691 1247 3751 meod.

138 3772 282 3823 471-477:
299 3773 332 3834 by
348 3773 459 3822 abetter
476 3774 648 3835 punctuation
668 3775 722 3824 end
740 3775 774 3837 by
789 3774 912 3835 doubling
931 3787 981 3823 one
998 3772 1074 3820 letter
1090 3772 1104 3819 Ι
1120 3770 1186 3821 heve
1202 3771 1316 3821 rectified

103 3852 158 3903 this
170 3868 292 3916 passage5
311 3856 360 3904 473
379 3855 393 3902 Ι
409 3855 476 3904 have
493 3855 583 3918 placed
603 3872 619 3906 1
636 3860 694 3918 stop
712 3857 778 3906 efter
793 3857 944 3915 1111111ηά1,
959 3855 1011 3903 und
1022 3853 1142 3903 removed
1158 3854 1217 3903 thet
1233 3853 1318 3904 which

104 3937 141 3986 111
163 3935 259 3984 former
280 3934 377 3985 editors
398 3936 464 3986 heve
486 3941 534 3999 put
557 3938 623 3987 efter
642 3939 756 3998 videndi,
780 3937 833 3987 and
854 3939 903 3988 477
924 3936 990 3985 heve
1013 3936 1116 3984 written
1138 3950 1212 3998 quom
1236 3939 1316 3998 mauis

102 4019 144 4068 for
167 4034 216 4082 quo
238 4020 326 4080 erupis.
369 4017 448 4068 Lech.
473 4023 535 4080 puts
557 4019 605 4070 476
626 4019 712 4068 before
733 4020 783 4070 474
804 4018 856 4067 and
878 4017 941 4066 then
963 4017 1048 4066 leaves
1069 4031 1085 4065 e
1107 4021 1177 4065 most
1198 4016 1317 4065 involved

103 4104 234 4150 sentence.
369 4100 418 4150 474
437 4101 526 4149 dulcis
563 4102 644 4149 dulcit
665 4099 716 4149 Gif.
739 4101 786 4148 not
805 4099 911 4149 Lumb:
935 4097 1026 4147 Lamb.
1047 4097 1125 4159 keeps
1145 4099 1226 4145 dulcio
1241 4097 1280 4148 ed.
1302 4099 1316 4146 1

102 4181 157 4231 und
178 4184 206 4230 2:
227 4180 261 4229 he
279 4180 439 4243 conjectures
458 4183 559 4230 acerbus
575 4181 628 4230 end
642 4181 718 4230 reads
733 4183 817 4229 dulcet
832 4180 870 4230 ed
885 4182 908 4231 3.
1009 4180 1057 4231 477
1072 4181 1178 4241 possint.
1211 4188 1317 4241 poscunt

103 4262 169 4312 Mar.
184 4262 258 4312 Junt.
272 4261 362 4310 Lemb.
376 4261 462 4323 vulgo.
530 4261 580 4310 483
591 4264 619 4311 to
630 4263 722 4319 eodem,
733 4276 786 4310 una
797 4261 845 4311 Ed
860 4261 900 4310 for
911 4262 940 4309 io
951 4261 1036 4309 eadem
1047 4275 1106 4310 ona.
1143 4260 1229 4309 ecdem
1239 4263 1314 4309 onim

102 4344 183 4395 Lech.
239 4361 241 4366 ’
286 4343 335 4393 488
355 4350 526 4392 transmutans
540 4344 561 4393 B
574 4359 638 4394 corr.
653 4345 693 4393 for
705 4351 865 4395 transmutas.
967 4343 1015 4392 497
1034 4344 1129 4390 semina
1149 4342 1172 4391 Δ
1190 4355 1254 4392 corr.
1277 4343 1318 4392 for
