2842 4860
694 248 725 311 V

194 430 221 472 ΙΙ
243 431 315 473 FUIT
334 431 375 473 UT
395 430 553 473 FACERENT
573 430 628 472 SED
648 431 704 472 VIX
724 429 870 473 ADDUUOR
890 431 930 472 UT
950 429 1031 472 Auru

195 527 258 570 NON
277 527 427 581 QUIERINT
447 527 547 570 Ammo
569 527 776 571 Pnsssnrrnm
795 527 898 582 Arous
919 528 1034 571 VIDERE

194 627 283 680 QUAM
304 627 453 671 COMMUNE
474 627 584 671 ristun
605 627 715 669 smnus
735 626 924 682 TOEDUMQUE
944 627 1094 670 TUTURUM

195 725 232 766 ET
253 724 346 767 nssls
369 724 403 767 ID
424 725 522 768 Possrs
544 724 666 768 TACTUM
686 724 888 768 CONTENDERE
908 723 943 768 ln
962 723 1039 766 OMNI

194 822 229 864 IN
248 822 352 865 VARIIS
374 823 491 866 MUNDIS
512 821 609 864 vAmA
629 821 761 865 RATIONE
782 821 908 864 cRnArIs

194 926 282 979 cusu
302 926 398 969 onero
418 926 520 982 Arous
541 927 605 971 uro
626 924 790 968 urrunnun
811 924 963 978 ouonssr
983 924 1056 967 orm

192 1007 249 1072 sed
271 1008 374 1073 facere
396 1008 430 1075 id
452 1016 608 1074 nontam
629 1006 780 1073 vincendi
801 1029 858 1093 spe
880 1007 1060 1084 voluerunt,

192 1129 290 1197 quarn
312 1113 388 1178 dare
411 1112 497 1199 quod
518 1119 686 1200 gemerent
708 1111 825 1188 hostes,
848 1110 973 1197 ipsique
995 1110 1107 1196 perire,

192 1216 248 1301 qui
270 1239 404 1282 numero
426 1217 617 1283 diffidebant
638 1216 799 1302 armisque
821 1216 986 1281 vacabant.

234 1319 362 1385 Nexilis
383 1328 460 1386 ante
483 1321 546 1385 fuit
569 1320 667 1386 vestis
690 1343 787 1407 quam
810 1319 925 1384 textile
947 1326 1085 1406 tegmen.

192 1422 306 1488 textile
328 1431 402 1510 post
424 1425 584 1501 ferrumst,
608 1424 685 1510 quia
706 1424 788 1489 ferro
810 1424 878 1488 tela
898 1430 1038 1509 paratur,

191 1551 249 1594 nec
271 1528 395 1594 ratione
417 1528 481 1594 alia
502 1535 638 1614 possunt
660 1535 728 1592 tam
750 1526 835 1592 levia
855 1525 947 1614 gigni

190 1632 299 1706 insilia
320 1656 357 1699 ac
379 1633 443 1698 fusi
463 1633 547 1699 radii
568 1633 720 1719 scapique
742 1637 899 1697 sonantes.

192 1745 226 1802 et
248 1738 350 1803 facere
372 1744 449 1803 ante
471 1737 555 1802 viros
577 1738 685 1803 lanam
707 1743 825 1801 natura
846 1733 952 1821 coegit

192 1863 289 1927 quam
312 1841 469 1906 muliebre
491 1863 612 1928 genus3
644 1863 719 1905 nam
742 1839 836 1925 longe
859 1844 1002 1923 praestat
1024 1837 1059 1902 in
1080 1843 1150 1902 arte

192 1952 226 2010 et
248 1943 409 2010 sollertius
432 1951 481 2009 est
503 1946 607 2008 multo
629 1965 732 2030 genus
754 1963 848 2007 omne
870 1940 982 2021 virile;

191 2049 349 2138 agricolae
371 2048 473 2113 donec
494 2047 575 2112 vitio
597 2055 722 2112 vertere
744 2045 855 2122 severi,

192 2161 230 2218 ut
252 2151 464 2217 muliebribus
486 2151 521 2217 id
543 2150 693 2215 manibus
715 2147 887 2214 concedere
909 2147 1031 2212 vellent

191 2266 290 2344 atque
312 2257 376 2344 ipsi
397 2257 519 2343 pariter
540 2255 659 2320 durum
681 2255 814 2320 sufferre
836 2254 978 2319 laborem

191 2366 290 2444 atque
312 2381 407 2444 opere
429 2357 566 2423 induro
590 2357 745 2422 durarent
766 2355 912 2421 membra
933 2377 1118 2442 manusque.

234 2465 281 2528 At
302 2463 466 2549 specimen
487 2463 620 2528 sationis
643 2469 676 2526 et
698 2461 859 2526 insitionis
882 2461 970 2548 origo

191 2568 262 2654 ipsa
283 2568 346 2632 fuit
368 2588 476 2632 rernm
498 2567 640 2653 primurn
662 2573 780 2631 natura
800 2565 946 2643 creatrix,

191 2671 357 2736 arboribus
380 2669 532 2756 quoniam
553 2669 651 2735 bacae
673 2668 870 2755 glandesque
893 2667 1031 2733 caducae

191 2775 385 2861 tempestiva
407 2774 528 2839 dabant
551 2773 713 2859 pullorum
736 2774 885 2838 examina
907 2781 1036 2859 supter;

192 2880 278 2945 unde
301 2880 400 2944 etiam
420 2879 583 2944 libitumst
605 2878 715 2965 stirpis
737 2879 940 2943 committere
962 2877 1059 2943 ramis

192 2991 226 3048 et
248 3006 330 3048 nova
352 2983 499 3048 defodere
522 2981 557 3046 in
579 2989 699 3046 terram
721 2981 863 3069 virgulta
884 3004 942 3067 per
963 3004 1062 3069 agros.

191 3088 266 3154 inde
289 3088 386 3153 aliam
408 3095 507 3173 atque
529 3087 626 3151 aliam
649 3087 810 3151 culturam
833 3086 935 3151 dulcis
957 3087 1055 3172 agelli

191 3193 398 3281 temptabant
420 3193 607 3278 fructusque
629 3194 711 3257 feros
734 3215 954 3257 mansuescere
977 3200 1095 3258 terram

191 3298 366 3363 cernebant
387 3296 586 3384 indulgendo
607 3296 790 3382 blandeque
812 3295 951 3362 colendo.

190 3403 289 3490 inque
311 3401 378 3467 dies
401 3401 505 3488 magis
526 3401 562 3464 in
583 3408 728 3465 montem
749 3400 918 3465 succedere
940 3400 1036 3466 silvas

190 3507 348 3594 cogebant
369 3507 515 3593 infraque
538 3507 643 3571 locum
666 3504 838 3571 concedere
860 3505 964 3583 cultis,

189 3617 283 3700 prata
304 3611 392 3676 lacus
413 3610 497 3675 rivos
519 3617 645 3696 segetes
666 3608 840 3695 vinetaque
862 3608 949 3673 laeta

103 3922 144 3975 29.
245 3920 309 3970 1340
320 3920 403 3983 facta.
440 3920 502 3983 fato
513 3918 535 3968 B
546 3932 611 3968 corr.
622 3917 717 3970 Iracbz
736 3917 783 3968 but
794 3931 836 3968 see
847 3920 922 3968 notes
933 3918 957 3967 1.
1056 3915 1308 3969 1341-1346122012.

101 4002 184 4068 iustly
195 4001 274 4066 ejects
285 4000 330 4053 the
340 4002 393 4051 last
403 4000 475 4056 three
487 4001 515 4050 of
528 4000 601 4051 these
612 4013 697 4050 verses
711 4014 741 4051 as
756 4000 801 4050 the
812 3999 883 4050 work
894 3999 921 4051 ot
937 4014 972 4050 an
987 3998 1155 4062 interpolator
1162 4017 1170 4062 ς
1189 3997 1236 4048 but
1250 3997 1272 4047 it
1286 3998 1311 4049 is

102 4101 138 4136 no
155 4085 207 4135 less
223 4084 321 4135 certain
338 4082 397 4133 that
413 4081 458 4134 the
474 4083 531 4132 first
546 4081 619 4133 three
638 4096 681 4132 ere
699 4080 811 4132 likewiss
828 4080 964 4145 spurious3
987 4081 1018 4131 st
1035 4083 1091 4144 fuit
1109 4088 1139 4131 at
1156 4081 1271 4143 facerem
1288 4080 1312 4130 is

102 4168 238 4230 obviously
254 4183 270 4218 a
288 4168 419 4218 comment
438 4180 474 4215 on
492 4165 543 4216 Sed
557 4166 644 4229 facere
661 4166 690 4214 id
708 4179 759 4216 non
778 4172 829 4215 tam
847 4165 896 4217 ost.
928 4162 1008 4215 Iisoln
1026 4164 1053 4213 to
1072 4162 1148 4214 make
1167 4176 1241 4212 sense
1258 4160 1312 4212 and

102 4264 234 4317 &emmer
244 4248 267 4300 is
278 4247 419 4311 compelled
430 4250 458 4297 to
469 4246 530 4298 read
541 4246 585 4301 su
593 4247 650 4311 fuit
660 4245 724 4297 with
734 4246 800 4299 Mer.
811 4245 895 4298 mal
906 4245 981 4297 June.
991 4244 1084 4297 Iismb.
1093 4245 1134 4294 for
1144 4245 1175 4295 Si
1183 4245 1247 4308 fait,
1259 4241 1312 4294 and

102 4318 506 4397 emmerammus:
524 4328 667 4381 secema
679 4326 1034 4395 consummassem
1050 4326 1204 4381 nso=srs

136 4417 201 4470 1851
218 4417 269 4469 teta
282 4421 400 4483 parona.
434 4402 857 4481 nu'paraourhsnnpoem
1049 4410 1171 4464 senaa
1180 4407 1312 4463 nautor
