2842 4860
659 265 690 329 V
1209 291 1270 355 243

151 426 273 513 nequid
295 427 336 493 ob
358 426 534 493 admissum
556 427 648 493 foede
670 428 834 494 dictumve
856 432 994 517 superbe

151 551 327 615 poenarum
349 551 446 617 gram
468 529 512 594 sit
533 529 678 595 solvendi
700 537 829 617 tempus
851 533 1026 598 adultum?
1190 550 1269 618 1225

150 655 278 698 summa
299 632 399 698 etiarn
421 655 496 698 cum
517 632 566 697 vis
587 633 722 698 violenti
743 657 801 721 per
822 658 910 701 mare
932 638 1023 702 venti

150 735 412 825 induperatorem
433 737 542 803 classis
564 760 660 824 super
682 761 821 825 aequora
841 742 940 807 verrit

151 864 225 906 cum
247 842 362 908 validis
383 843 506 929 pariter
527 843 708 930 legionibus
729 854 829 931 atque
851 847 1040 933 elephantis,

151 968 216 1010 non
237 945 345 1011 divom
368 969 480 1033 pacem
503 948 587 1011 votis
608 947 679 1012 adit
700 972 738 1013 ac
759 970 853 1035 prece
875 951 1002 1037 quaesit

150 1056 320 1114 ventorum
341 1050 477 1136 pavidus
498 1073 593 1136 paces
615 1050 803 1137 animasque
825 1055 989 1133 secundas,
1190 1074 1225 1120 12
1231 1073 1273 1138 30

150 1155 355 1241 nequiquam,
378 1156 531 1242 quoniam
553 1156 694 1221 violento
717 1158 847 1224 turbine
869 1183 965 1246 saepe

151 1265 315 1343 correptus
336 1258 403 1322 nilo
425 1258 528 1323 fertur
550 1259 658 1324 minus
679 1260 722 1325 ed
743 1262 826 1327 vada
847 1264 929 1329 leti?

150 1381 252 1446 usque
275 1361 355 1426 adeo
376 1384 427 1426 res
449 1362 607 1427 humanas
629 1363 677 1428 vis
700 1364 812 1430 abdita
833 1367 993 1452 quaedam

150 1466 270 1551 opterit
292 1473 326 1529 01
347 1465 497 1551 pulchros
520 1465 613 1544 fascis
635 1488 810 1554 saevasque
832 1491 958 1535 secures

149 1573 332 1658 proculcare
354 1594 391 1637 ac
413 1571 553 1636 ludibrio
575 1572 637 1637 sibi
659 1572 778 1638 habere
801 1573 936 1640 videtur.
1190 1590 1269 1659 1235

150 1676 289 1763 denique
311 1676 372 1741 sub
394 1675 531 1761 pedibus
554 1676 651 1740 tellus
674 1700 748 1741 cum
770 1685 842 1742 tota
864 1679 993 1744 vacillat

149 1802 384 1866 concussaeque
406 1779 528 1844 cadunt
551 1780 646 1845 urbes
669 1780 851 1867 dubiaeque
873 1782 1047 1860 minantur,

148 1885 228 1972 quid
249 1885 368 1949 mirum
390 1884 418 1949 si
440 1906 474 1948 se
496 1891 650 1949 temnunt
672 1885 822 1950 mortalia
842 1888 948 1951 saecla

149 1998 248 2076 atque
269 1988 441 2075 potestatis
463 2011 597 2076 magnas
619 1988 781 2074 mirasque
803 1990 970 2076 relinqunt

148 2091 183 2156 in
205 2091 301 2156 rebus
323 2091 400 2156 viris
423 2090 544 2169 divum,
567 2113 650 2176 quae
672 2099 791 2160 cuncta
811 2093 1020 2180 gubernent?
1189 2113 1272 2177 1240

193 2194 289 2275 Quod
310 2201 465 2280 superest,
488 2216 542 2258 aes
564 2203 662 2280 utque
684 2217 800 2259 aurum
822 2195 1007 2281 ferrumque
1029 2203 1225 2282 repertumst

150 2307 184 2364 01
205 2300 302 2364 simul
325 2299 453 2387 argenti
474 2298 600 2384 pondus
622 2299 812 2385 plumbique
835 2307 986 2386 potestas,

149 2404 233 2490 ignis
256 2404 314 2470 ubi
343 2404 485 2492 ingentis
508 2403 604 2468 silvas
626 2404 737 2468 ardore
760 2414 918 2470 cremarat

148 2508 313 2573 montibus
335 2507 371 2572 in
393 2506 528 2594 magnis
551 2530 609 2572 seu
631 2508 712 2572 caeli
734 2508 869 2574 fulmine
892 2509 996 2587 misso,

149 2610 215 2675 sive
238 2610 325 2696 quod
345 2610 432 2674 inter
453 2632 487 2674 se
509 2609 632 2674 bellum
655 2610 801 2675 silvestre
822 2620 972 2697 gerentes
1189 2628 1268 2696 1245

150 2717 296 2783 hostibus
318 2717 499 2782 intulerant
521 2717 630 2803 ignem
653 2716 833 2782 formidinis
855 2740 938 2805 ergo,

149 2821 217 2886 sive
239 2821 326 2907 quod
347 2820 474 2885 inducti
496 2828 600 2885 terrae
622 2820 769 2886 bonitate
791 2821 943 2886 volebant

149 2924 289 3011 pandere
312 2947 404 3012 agros
426 2924 556 3013 pinguis
579 2933 613 2990 et
633 2947 753 3011 pascua
773 2925 906 2991 reddere
928 2949 1010 3004 rura,

148 3030 216 3095 sive
239 3030 321 3095 feras
342 3030 523 3095 interficere
546 3037 580 3094 et
602 3028 758 3095 ditescere
780 3030 905 3117 praeda

149 3158 225 3200 nam
247 3136 340 3200 fovea
360 3143 460 3222 atque
483 3135 552 3223 igni
573 3135 663 3221 prius
686 3142 736 3200 est
757 3136 903 3201 venarier
925 3143 1031 3200 ortum
1188 3151 1271 3218 1250

149 3263 247 3326 quam
269 3240 393 3326 saepire
415 3240 520 3327 plagis
542 3242 662 3305 saltum
685 3240 882 3326 canibusque
904 3240 994 3306 ciere.

150 3343 308 3429 quidquid
330 3343 364 3408 id
386 3350 444 3420 est,
466 3366 669 3429 quacumque
692 3366 710 3408 0
732 3366 829 3408 causa
849 3344 1018 3409 flammeus
1040 3343 1133 3409 ardor

60 3513 120 3567 Ald.
133 3514 147 3561 1
159 3514 231 3564 111111.
243 3513 300 3564 first
311 3514 351 3564 101
361 3515 483 3564 10110101.
516 3516 632 3564 Fulmina
642 3515 713 3564 Nico.
747 3516 863 3564 Fulmiue
875 3515 984 3564 terribili
995 3514 1063 3565 Flor.
1075 3515 1114 3564 31.
1206 3514 1270 3564 1224

61 3596 165 3658 Nequid
174 3594 252 3645 Lech.
267 3595 308 3645 101
318 3597 436 3658 Nequod:
453 3609 470 3644 a
481 3609 617 3659 necessary
627 3595 736 3657 change,
746 3595 768 3643 11
778 3595 800 3644 11
811 3596 834 3646 10
844 3594 932 3658 joined
942 3593 1005 3645 with
1016 3597 1156 3645 admissum.

97 3678 160 3727 1221
178 3679 293 3727 adultum
309 3677 390 3727 Lech.
408 3678 449 3727 101·
467 3679 611 3728 adauctum.
651 3679 768 3728 0110010111
789 3677 866 3727 Pont.
884 3678 950 3727 Mar.
969 3676 1027 3726 Ald.
1049 3677 1266 3730 11011Ιο101.

62 3762 113 3810 010.
234 3758 298 3808 1226
315 3760 417 3808 Summo
427 3758 496 3808 Flor.
509 3760 539 3808 31
552 3759 618 3809 Mar.
630 3759 688 3809 Ald.
701 3760 715 3808 1
727 3760 799 3810 Junt.
811 3759 852 3808 101
863 3761 968 3809 Summe.
1092 3759 1155 3810 1229
1172 3761 1269 3810 011100

57 3857 133 3907 prece
144 3841 213 3891 rior.
225 3842 257 3890 31
269 3839 359 3890 (lamb.
371 3840 436 3890 Mar·
447 3841 488 3890 101
499 3842 573 3891 aditu
583 3856 667 3904 prece.
765 3841 830 3891 1230
841 3839 959 3891 enclosed
970 3839 1003 3902 by
1013 3838 1093 3890 Lech.
1105 3838 1134 3889 in
1146 3841 1183 3904 [J.

96 3927 160 3976 1237
176 3927 325 3989 dubiaeque.
358 3925 477 3975 dubioeue
487 3924 587 3976 Bentl.:
604 3924 651 3974 but
663 3939 705 3975 000
716 3928 791 3974 110100
803 3926 827 3973 2.
943 3924 1005 3972 1241
1022 3930 1130 3987 caperest
1141 3939 1183 3974 000
1194 3932 1269 3987 etque

61 4022 152 4057 aurum
163 4007 229 4057 Mar.
241 4007 300 4057 Ald.
313 4007 327 4055 1
339 4006 413 4057 Junt.
425 4007 466 4056 101
476 4014 586 4070 superest
596 4021 674 4070 aeque
684 4022 782 4058 001010.
914 4006 979 4055 1244
995 4008 1060 4056 coeli
1071 4007 1180 4070 fulmine
1195 4009 1268 4058 misso

61 4089 107 4140 BA
118 4103 184 4139 corr.
194 4089 264 4140 Nico.
275 4089 311 4139 011
321 4089 387 4140 10101
398 4102 462 4138 mss.
474 4087 527 4139 end
537 4087 600 4139 01100
617 4090 686 4140 00010
696 4088 719 4137 Δ
729 4102 756 4151 p.
767 4101 804 4138 m.
815 4088 900 4139 010110.
932 4091 997 4139 coeli
1008 4088 1032 4138 is
1044 4089 1115 4150 quite
1124 4088 1209 4151 right:
1226 4104 1269 4141 see

61 4187 73 4223 1
88 4174 146 4224 489.
180 4174 247 4223 00010
261 4171 342 4221 Lech.
353 4170 411 4220 who
427 4185 487 4233 says
501 4173 597 4233 ‘neque
606 4169 674 4221 dixit
684 4169 747 4221 alibi
760 4169 897 4221 Lucretius
908 4171 1007 4234 fulmen
1019 4172 1093 4232 00011,
1107 4169 1152 4220 sed
1164 4172 1269 4233 0100010

61 4256 128 4306 caeli
145 4269 223 4317 supra
240 4253 329 4304 1095’:
349 4252 397 4303 but
412 4251 472 4316 why
487 4250 530 4302 his
546 4266 611 4302 once
625 4251 703 4315 using
715 4253 797 4317 01000
811 4253 886 4313 cuii,
897 4250 991 4303 should
1005 4254 1113 4316 prevent
1128 4250 1184 4301 him
1200 4253 1269 4302 from

61 4335 136 4387 twice
157 4335 235 4398 using
252 4335 351 4398 fuhneu
372 4336 445 4395 caeli,
463 4347 509 4398 my
526 4332 602 4384 mind
618 4334 716 4385 00111101
732 4332 915 4399 comprobari.
1045 4334 1109 4384 1252
1127 4335 1264 4398 Quidquid.

64 4418 191 4481 Quicquid
206 4417 266 4481 AB3
285 4415 339 4472 and
351 4430 382 4467 00
395 4414 442 4466 ihc
456 4415 499 4466 lex
513 4414 613 4467 Rubris
625 4414 660 4467 21
672 4412 1087 4479 tndlhflmdenluduclems.
1100 4416 1130 4466 01
1143 4416 1268 4480 Livyx'nv

1075 4519 1181 4583 lii—2
