2842 4860
686 225 716 288 V

186 395 331 474 tempore
354 409 417 473 quo
439 386 580 472 primum
602 387 700 450 tellus
722 384 876 452 animalia
897 387 991 466 fudit,

185 492 232 555 nil
255 501 365 556 tamen
387 499 436 555 est
458 490 544 577 signi
565 489 683 554 mixtas
705 490 848 575 potuisse
871 492 971 556 creari

184 597 271 660 inter
292 617 326 659 se
348 593 487 680 pecudes
509 601 738 679 compactaque
760 593 906 658 membra
927 594 1140 672 animantum,

185 706 355 784 propterea
377 697 453 783 quia
475 719 557 782 quae
579 696 620 760 de
642 695 736 760 terris
757 719 844 760 nunc
866 720 993 784 quoque
1016 698 1188 764 abundant
1248 717 1312 779 920

106 829 107 834 ¹
151 800 161 817 ”
186 803 358 866 herbarum
380 823 499 888 genera
520 823 557 864 ac
579 801 687 887 fruges
709 799 904 886 arbustaque
927 801 1014 866 laeta

186 931 251 972 non
273 916 384 972 tamen
406 907 492 970 inter
512 928 546 970 se
569 913 703 991 possunt
726 906 892 991 complexa
914 907 1021 985 creari,

110 1077 118 1096 ,
187 1013 244 1078 sed
265 1035 315 1076 res
338 1033 484 1097 quaeque
506 1033 564 1074 suo
587 1010 653 1074 ritu
675 1010 820 1095 procedit
842 1019 876 1074 et
899 1034 1009 1076 omnes

187 1118 313 1182 foedere
335 1124 470 1180 naturae
493 1123 580 1179 certo
602 1114 787 1178 discrimina
808 1123 944 1181 servant.

230 1221 278 1284 At
299 1243 401 1308 genus
424 1219 603 1283 humanum
626 1218 729 1281 multo
752 1217 816 1281 fuit
837 1217 920 1283 illud
942 1219 977 1283 in
998 1220 1083 1284 arvis

108 1376 110 1382 .
188 1323 307 1399 durius,
330 1331 368 1386 ut
390 1322 508 1399 decuit,
531 1323 628 1386 tellus
651 1321 736 1406 quod
759 1321 839 1385 dura
861 1330 1007 1400 creasset,

186 1436 220 1491 et
242 1425 416 1490 maioribus
438 1432 472 1489 et
494 1424 603 1489 solidis
625 1423 728 1510 magis
751 1423 874 1488 ossibus
897 1424 987 1489 intus

188 1531 368 1607 fundatum,
391 1529 505 1593 validis
527 1536 641 1614 aptum
663 1550 721 1613 per
743 1527 864 1592 viscera
885 1529 999 1606 nervis,

187 1657 247 1700 nec
269 1634 360 1698 facile
383 1657 423 1698 ex
445 1641 537 1698 aestu
560 1656 619 1697 nec
641 1633 756 1720 frigore
780 1633 865 1719 quod
887 1642 1056 1719 caperetur

187 1758 247 1799 nec
269 1735 413 1799 novitate
436 1734 500 1799 cibi
521 1757 581 1798 nec
602 1735 669 1798 labi
691 1734 828 1820 corporis
850 1735 924 1799 ulla

106 1872 108 1884 ·
188 1840 356 1926 multaque
378 1862 436 1925 per
457 1841 582 1904 caelum
605 1839 679 1902 solis
702 1838 864 1902 volventia
885 1838 988 1904 lustra

187 1944 354 2031 volgivago
376 1944 478 2008 vitam
500 1944 684 2008 tractabant
706 1967 794 2008 more
816 1945 963 2009 ferarum.

187 2070 247 2111 nec
269 2047 419 2111 robustus
442 2055 511 2111 erat
534 2047 623 2111 curvi
644 2047 825 2111 moderator
847 2047 946 2112 aratri

188 2151 366 2238 quisquam,
388 2174 448 2215 nec
469 2151 572 2215 scibat
594 2152 676 2215 ferro
699 2151 840 2215 molirier
861 2174 938 2214 arva

188 2278 247 2320 neo
268 2278 351 2319 nova
373 2254 521 2319 defodere
543 2254 578 2318 in
600 2262 719 2318 terram
741 2255 884 2341 virgulta
904 2277 1010 2340 neque
1033 2255 1109 2319 altis

187 2356 353 2422 arboribus
374 2355 500 2420 veteres
521 2356 667 2420 decidere
690 2356 819 2421 falcibu'
841 2379 953 2421 ramos.

188 2460 274 2546 quod
295 2461 342 2524 sol
364 2467 462 2544 atque
484 2459 603 2522 imbres
625 2459 789 2535 dederant,
813 2459 899 2545 quod
921 2467 1008 2524 terra
1029 2467 1153 2524 crearat

187 2571 302 2648 sponte
324 2584 390 2640 sua,
413 2561 491 2626 satis
513 2561 547 2625 id
569 2562 718 2646 placabat
740 2570 871 2647 pectora
892 2562 1021 2627 donum.

187 2666 380 2754 glandiferas
402 2665 489 2729 inter
510 2664 665 2729 curabant
688 2688 818 2751 corpora
840 2688 976 2751 quercus

189 2770 397 2855 plerumque3
427 2775 461 2831 et
483 2790 565 2853 quae
588 2790 674 2831 nunc
696 2767 830 2832 hiberno
852 2776 997 2854 tempore
1020 2768 1123 2833 cernis

106 2919 109 2928 «
189 2873 295 2938 arbita
316 2871 453 2957 puniceo
475 2871 546 2935 fieri
568 2879 697 2935 matura
719 2872 830 2949 colore,

188 2979 329 3066 plurima
350 2985 422 3040 tum
444 2977 542 3040 tellus
564 2975 664 3039 etiam
686 2975 808 3039 maiora
829 2975 960 3040 ferebat.

189 3085 356 3169 multaque
378 3090 545 3168 praeterea
566 3080 692 3144 novitas
714 3089 786 3144 tum
809 3080 923 3144 florida
944 3078 1058 3143 mundi

190 3188 310 3274 pabula
331 3187 412 3251 dura
434 3187 521 3263 tulit,
543 3185 668 3250 miseris
690 3186 879 3250 mortalibus
902 3185 1016 3270 ampla

189 3301 224 3357 at
246 3292 356 3356 sedare
378 3291 467 3355 sitim
489 3290 582 3355 fluvii
604 3291 772 3376 fontesque
795 3289 961 3366 vocabant,

190 3404 229 3460 ut
250 3419 336 3460 nunc
359 3395 523 3460 montibus
545 3419 563 3459 e
586 3396 712 3482 magnis
735 3396 887 3460 decursus
910 3395 1007 3480 aquai

191 3499 287 3564 claru'
309 3500 389 3564 citat
411 3501 477 3564 late
499 3499 645 3563 sitientia
667 3499 771 3563 saecla
793 3500 938 3562 serarum.

190 3604 329 3689 denique
351 3611 429 3667 nota
449 3602 524 3690 vagi
546 3601 705 3666 silvestria
727 3604 850 3688 templa
871 3602 1028 3666 tenebant

105 3789 156 3838 Sed
171 3803 210 3837 res
226 3803 337 3851 quaeque
354 3788 404 3837 Ed.
422 3789 462 3838 for
479 3790 529 3839 Sed
544 3791 567 3838 ri
585 3804 704 3851 quaeque.
739 3789 790 3838 Sed
807 3791 844 3837 sir
861 3790 974 3851 quodque
990 3787 1056 3837 Mar.
1069 3785 1115 3850 (sic
1132 3786 1230 3854 Pons).
1265 3791 1318 3843 Ru

105 3872 142 3921 rio
158 3869 250 3919 mmo.
291 3871 343 3919 Sed
358 3871 397 3919 oia
414 3868 494 3919 Lach.
636 3871 686 3921 925
703 3872 737 3920 Ar
753 3869 834 3919 Lech.
852 3871 893 3919 for
908 3872 957 3929 Et3
981 3868 1034 3919 and
1050 3869 1096 3919 the
1112 3869 1212 3934 change
1229 3887 1317 3925 seems

104 3965 248 4014 necessary.
370 3952 419 4002 934
430 3954 542 4002 molirier
552 3951 623 4002 Brix.
636 3952 711 4002 Junt.
723 3953 764 4002 for
774 3955 906 4003 mollerier.
950 3955 1073 4002 mollirier
1084 3951 1159 4002 Pont.
1172 3953 1239 4004 Mar.
1252 3956 1320 4007 οιΑ

104 4048 170 4083 oorr.
315 4032 364 4083 944
387 4034 453 4082 dura
469 4032 527 4082 Vat.
546 4035 609 4086 3276
626 4035 737 4096 Nauger.
761 4034 802 4083 for
825 4036 899 4084 dira:
922 4048 939 4083 a
955 4032 1054 4083 certain
1071 4033 1223 4085 correction.
1269 4038 1319 4089 dia

104 4116 201 4166 Avano.
320 4115 368 4166 947
387 4115 474 4164 Gluru'
490 4118 554 4165 citat
571 4118 621 4167 late
637 4118 760 4181 Forbiger
777 4117 817 4167 for
835 4119 984 4167 Omncitoti
1000 4133 1017 4165 o
1034 4125 1065 4166 te.
1101 4117 1203 4167 Glorior
1219 4121 1320 4171 acam

104 4198 174 4249 Flor.
186 4198 218 4247 sl
235 4196 861 4249 sustuleram.1Junt.Lamb.ed.1and2.
908 4200 1044 4248 clamator
1061 4199 1112 4248 late
1128 4197 1222 4248 Lamb.
1241 4199 1320 4251 eus

105 4281 172 4331 after
189 4278 253 4331 Sim.
270 4278 373 4329 Bosius.
417 4281 518 4329 Glorior
534 4281 629 4330 invitat
651 4281 764 4331 Politian
781 4280 809 4331 in
825 4295 908 4344 marg.
925 4280 995 4329 Flor.
1013 4281 1053 4331 29.
1099 4279 1243 4341 casatas
1267 4282 1320 4333 lou

104 4361 185 4413 Lech.
197 4361 254 4412 who
266 4375 353 4412 sneers
364 4364 392 4411 ct
402 4359 536 4424 Forbiger:
554 4361 600 4412 but
613 4375 654 4412 see
665 4365 739 4413 notes
750 4364 774 4415 2.
890 4362 940 4414 943
950 4369 1011 4412 ruta
1021 4363 1081 4424 oapi
1092 4362 1223 4413 silvestria
1232 4361 1320 4421 Iacob.
