2842 4860
172 255 234 316 208
757 249 786 311 V

257 436 297 478 ex
319 413 447 477 infinito
469 411 534 476 iam
556 419 701 495 tempore
722 409 846 495 percita
867 407 972 495 plagis

257 515 515 601 ponderibusque
537 513 603 578 suis
625 521 820 577 consuerunt
842 511 967 576 concita
988 510 1064 575 ferri

242 618 512 702 'omnimodisque
534 616 618 680 ooire
639 623 738 702 atque
761 615 869 679 omnia
890 622 1117 700 pertemptare,
1322 631 1382 694 190

257 743 478 806 quaecumque
500 720 587 784 inter
607 742 642 784 se
660 727 795 805 possent
817 740 984 804 congressa
1006 740 1121 794 creare,

257 832 296 888 ut
317 847 383 888 non
404 824 447 888 sit
469 824 588 887 mirum
611 823 638 886 si
660 823 695 886 in
716 822 791 885 talis
814 822 1024 907 disposituras

257 926 447 991 deciderunt
469 949 595 1012 quoque
618 934 652 990 et
674 926 710 989 in
731 925 806 989 talis
829 947 944 989 venere
967 933 1103 1001 meatus,

257 1030 407 1116 qualibus
428 1029 507 1094 haec
528 1052 636 1093 rerum
657 1029 782 1115 geritur
803 1051 890 1092 nune
912 1050 1039 1092 summa
1059 1027 1213 1092 novando.

301 1133 447 1213 Quodsi
468 1133 533 1197 iam
555 1156 662 1197 rerum
685 1133 829 1218 ignorem
852 1132 1027 1217 primordia
1048 1154 1130 1217 quae
1153 1131 1227 1208 sint,

257 1236 318 1301 hoc
340 1245 450 1300 tamen
473 1260 512 1301 ex
534 1236 612 1322 ipsis
634 1237 715 1301 caeli
736 1236 915 1300 rationibus
937 1236 1041 1300 ausim

257 1341 444 1405 confirmare
466 1340 601 1426 aliisque
623 1362 663 1404 ex
685 1341 782 1404 rebus
803 1339 936 1404 reddere
959 1339 1080 1416 multis,

257 1466 461 1529 nequaquam
483 1443 575 1506 nobis
599 1443 755 1507 divinitus
777 1465 846 1507 esse
868 1450 1015 1527 paratam

256 1555 407 1611 naturam
428 1568 556 1627 rerum3
585 1553 679 1610 tanta
700 1553 766 1610 stat
788 1545 935 1631 praedita
957 1546 1066 1631 culpa.
1136 1563 1141 1574 ·

256 1652 414 1738 principio
436 1659 594 1737 quantum
618 1651 698 1715 caeli
720 1651 804 1737 tegit
826 1651 969 1736 impetus
990 1651 1113 1737 ingene,

257 1757 332 1822 inde
355 1757 461 1821 avidei
482 1764 608 1842 partem
631 1763 757 1820 montes
779 1755 942 1841 silvaeque
964 1755 1104 1819 ferarum

257 1860 434 1946 possedere,
456 1865 570 1923 tenent
592 1879 688 1943 rupes
710 1866 884 1942 vastaeque
905 1857 1040 1942 paludes

257 1973 292 2029 et
313 1986 401 2028 mare
424 1963 510 2049 quod
531 1962 597 2026 late
619 1970 778 2025 terrarum
800 1961 935 2025 distinet
957 1983 1033 2024 oras.

256 2067 333 2132 inde
355 2067 435 2132 duas
457 2088 550 2151 porro
571 2087 671 2150 prope
692 2064 795 2150 partis
816 2064 958 2128 fervidus
980 2065 1073 2128 ardor

257 2170 474 2255 adsiduusque
496 2169 562 2255 geli
584 2191 675 2232 casus
697 2167 888 2231 mortalibus
910 2167 1022 2231 aufert.

258 2272 345 2359 quod
366 2278 512 2356 superest
535 2270 612 2346 arvi,
635 2278 747 2334 tamen
769 2270 803 2333 id
824 2278 942 2333 natura
964 2292 1022 2333 sua
1043 2270 1077 2334 vi

257 2374 405 2440 sentibus
428 2373 576 2450 obducat,
598 2372 633 2436 ni
655 2373 704 2436 vis
726 2373 869 2436 humana
889 2373 1019 2436 resistat

258 2477 339 2542 vitai
361 2499 457 2540 causa
478 2476 584 2539 valido
607 2484 760 2539 consueta
782 2476 909 2540 bidenti

257 2582 421 2669 ingemere
444 2588 478 2643 et
500 2586 619 2642 terram
641 2579 757 2664 pressis
778 2579 980 2665 proscindere
1003 2581 1125 2646 aratris.

258 2683 372 2747 sinon
394 2681 546 2745 fecundas
568 2689 731 2745 vertentes
753 2705 881 2747 vomere
903 2684 1015 2769 glebas

258 2785 419 2869 terraique
442 2785 545 2848 solum
568 2785 755 2870 subigentes
777 2786 879 2850 oirnus
901 2786 943 2850 ad
965 2795 1062 2863 ortus,

259 2899 373 2978 sponte
396 2913 454 2954 sua
475 2899 639 2976 nequeant
662 2891 800 2976 liquidas
822 2893 959 2957 existere
981 2893 1016 2957 in
1038 2916 1140 2969 auras,

259 3004 294 3061 et
316 3004 427 3059 tamen
449 2994 614 3059 interdum
636 3018 753 3083 magno
776 2997 923 3082 quaesita
944 2998 1052 3061 labore

259 3122 334 3164 cum
355 3098 421 3162 iam
444 3121 501 3184 per
522 3106 624 3163 terras
645 3098 795 3163 frondent
817 3107 916 3186 atque
939 3101 1047 3164 omnia
1068 3100 1192 3176 florent,

258 3200 318 3267 aut
339 3201 449 3266 nimiis
470 3209 571 3266 torret
593 3202 770 3266 fervoribus
792 3203 956 3267 aetherius
978 3204 1025 3267 sol

260 3313 319 3370 aut
341 3305 442 3369 subiti
463 3313 636 3391 peremunt
658 3305 771 3370 imbris
793 3306 984 3392 gelidaeque
1006 3305 1150 3391 pruinae,

260 3411 423 3496 flabraque
446 3418 616 3474 ventorum
639 3410 781 3475 violento
803 3411 933 3475 turbine
956 3418 1083 3476 vexant.

260 3523 427 3600 praeterea
447 3536 551 3600 genus
573 3515 764 3579 horriferum
786 3523 904 3579 natura
924 3515 1065 3579 ferarum

260 3618 421 3682 humanae
443 3617 536 3704 genti
556 3617 711 3682 infestum
734 3624 883 3702 terraque
905 3617 1051 3702 marique

261 3744 318 3786 our
339 3721 399 3785 alit
421 3730 519 3807 atque
541 3725 666 3807 auget?
696 3743 754 3784 our
775 3720 853 3784 anni
874 3729 1021 3806 tempora
1042 3719 1169 3783 morbos

260 3826 457 3911 adportant?
487 3847 585 3910 quare
607 3847 692 3889 mors
714 3824 878 3888 inmatura
899 3828 1060 3910 vagatur?

175 4059 251 4110 Pont.
263 4057 328 4107 Mar.
341 4058 424 4107 forse.
556 4057 603 4107 186
620 4059 741 4121 specim
752 4055 1114 4120 Piusinnotesforspeciem.
1245 4053 1293 4105 187
1307 4056 1390 4105 malta

175 4144 254 4192 rudis
270 4141 361 4191 hamb.
372 4139 412 4190 ed.
427 4141 441 4188 1
459 4139 512 4189 and
528 4141 544 4188 2
560 4140 658 4203 rightly
674 4140 715 4189 for
730 4141 896 4199 moltinwdi33
916 4139 964 4190 but
980 4137 1049 4188 adt
1065 4136 1142 4199 again
1158 4137 1326 4186 multivadis:
1346 4150 1391 4186 see

175 4227 232 4274 422.
348 4223 394 4274 191
408 4229 508 4285 possent
519 4221 559 4270 for
571 4222 759 4285 possintLaoh.
772 4221 878 4285 rightly,
890 4236 920 4271 as
931 4221 988 4271 426.
1104 4220 1151 4270 193
1167 4225 1262 4267 mooun
1272 4216 1345 4268 Flor.
1356 4219 1391 4269 31

175 4306 242 4356 Mar.
255 4306 419 4355 formsecus.
526 4303 573 4354 195
590 4302 708 4352 aiadded
722 4303 756 4366 by
766 4303 832 4352 Mar.
844 4302 902 4352 Ald.
914 4303 929 4352 1
941 4303 1017 4352 runt.
1124 4299 1276 4349 10111111·
1288 4306 1393 4363 parm

175 4387 226 4439 Ed.
246 4387 286 4437 for
303 4386 406 4435 avidam
422 4392 530 4448 partem.
563 4386 638 4434 avide
660 4384 739 4436 Bern.
772 4385 887 4448 aliquam
907 4383 987 4434 Iraoh.
1022 4381 1141 4433 ‘MarulL
1160 4382 1241 4431 aliam
1261 4378 1392 4451 pessimq'
