2842 4860
683 251 732 315 VI

188 410 318 495 altaque
342 433 399 474 our
420 411 611 496 plerumque
634 412 719 497 petit
741 412 810 477 loca
831 412 1035 500 plurimaque
1059 415 1130 480 eius

188 514 353 579 montibus
375 514 410 579 in
432 514 567 580 summis
589 516 728 602 vestigia
749 517 909 582 cernimus
931 519 1040 604 ignis?

232 618 328 698 Quod
350 625 505 704 superest,
527 618 651 683 facilest
674 642 714 684 ex
736 620 787 684 his
809 644 997 708 cognoscere
1019 622 1125 701 rebus

188 728 347 805 presteras
370 721 448 786 Grai
469 743 549 806 quos
571 721 612 785 ab
635 745 669 786 re
692 722 939 801 nominitarunt‚

188 823 223 886 in
245 846 333 887 mare
356 846 421 908 qua
442 824 532 888 missi
555 825 688 888 veniant
710 826 835 891 ratione
858 849 1003 913 superne.

188 951 263 992 nam
286 929 325 993 fit
347 936 386 992 ut
407 928 572 993 interdum
595 937 761 1015 tamquam
785 931 924 996 demissa
946 933 1095 997 columna

189 1033 223 1097 in
245 1056 333 1098 mare
356 1034 396 1098 de
419 1035 507 1097 caelo
529 1033 711 1112 descendat,
734 1058 831 1120 quam
854 1037 937 1100 freta
959 1036 1078 1100 circum

188 1139 371 1203 fervescunt
392 1139 535 1224 graviter
556 1139 753 1225 spirantibus
775 1141 876 1204 incita
897 1142 1014 1218 flabris,

189 1251 223 1307 et
246 1265 467 1328 quaecumque
489 1243 524 1306 in
547 1266 584 1308 eo
607 1251 679 1307 tum
701 1243 767 1308 sint
789 1244 946 1330 deprensa
968 1244 1114 1309 tumultu

188 1345 317 1431 navigia
339 1345 373 1408 in
395 1367 558 1408 summum
581 1345 714 1409 veniant
736 1354 853 1410 vexata
874 1348 1037 1432 periclum.

189 1448 248 1512 hoc
270 1449 309 1512 fit
331 1447 389 1512 ubi
410 1446 574 1512 interdum
597 1471 661 1512 non
684 1448 755 1533 quit
778 1450 826 1513 vis
848 1450 949 1515 incita
970 1452 1061 1516 venti

189 1578 338 1641 rumpere
360 1577 458 1640 quam
481 1555 587 1640 coepit
609 1556 739 1632 nubem,
762 1556 819 1620 sed
841 1555 1002 1642 deprimit,
1025 1567 1064 1624 ut
1086 1560 1130 1624 sit

189 1659 224 1723 in
246 1681 334 1724 mare
357 1659 397 1723 de
420 1658 508 1722 caelo
530 1666 697 1744 tamquam
720 1659 860 1724 demissa
881 1662 1038 1739 columna,

188 1761 356 1848 paulatim,
379 1761 470 1846 quasi
493 1761 572 1846 quid
592 1784 703 1848 pugno
724 1761 917 1848 bracchique
940 1787 1077 1850 superne

189 1865 336 1931 coniectu
358 1864 510 1928 trudatur
532 1873 566 1929 et
588 1865 784 1930 extendatur
805 1866 839 1929 in
862 1867 983 1949 undas3

189 1990 287 2054 quam
310 1989 384 2032 cum
406 1965 543 2043 discidit,
566 1966 641 2030 hinc
664 1969 885 2054 prorumpitur
906 1969 941 2032 in
963 1994 1050 2036 mare
1073 1974 1166 2039 venti

189 2070 238 2136 vis
260 2079 294 2135 et
316 2071 472 2135 fervorem
495 2071 613 2134 mirum
636 2073 806 2137 concinnat
828 2074 863 2138 in
885 2075 1000 2156 undis3

188 2173 409 2239 versabundus
431 2172 518 2238 enim
541 2174 636 2238 turbo
659 2174 825 2240 deseendit
847 2185 882 2241 et
904 2177 993 2242 illam

189 2280 321 2346 deducit
342 2278 464 2365 pariter
485 2279 573 2343 lento
595 2302 669 2343 cum
692 2303 820 2367 corpore
842 2283 981 2364 nubem3

189 2408 287 2472 quam
310 2384 406 2450 simul
429 2407 466 2449 ac
487 2383 653 2471 gravidam
677 2385 815 2451 detrusit
837 2386 880 2450 ad
901 2410 1040 2473 aequora
1061 2389 1164 2474 ponti,

85 2569 87 2573 .
189 2489 244 2553 ille
266 2489 301 2552 in
323 2512 440 2575 aquam
463 2489 571 2554 subito
593 2497 700 2553 totum
723 2511 756 2554 se
778 2489 919 2553 inmittit
942 2498 977 2554 et
999 2513 1093 2555 omne

190 2592 310 2658 excitat
332 2593 459 2680 ingenti
481 2592 588 2656 sonitu
611 2615 699 2656 mare
722 2594 843 2657 fervere
867 2615 990 2680 cogens.

191 2697 229 2762 fit
251 2720 377 2783 quoque
400 2705 439 2761 ut
460 2697 605 2762 involvat
627 2697 718 2761 venti
739 2720 773 2761 se
796 2697 937 2763 nubibus
959 2698 1027 2784 ipse

190 2810 301 2868 vertex
324 2802 498 2878 conradens
521 2825 560 2866 ex
583 2824 656 2866 aere
679 2801 803 2866 semina
824 2802 920 2866 nubis

190 2916 224 2972 et
247 2906 338 2992 quasi
361 2904 535 2970 demissum
558 2905 645 2969 caelo
668 2912 812 2990 prestera
833 2905 989 2970 imitetur.

189 3013 241 3077 hic
264 3012 321 3076 ubi
343 3034 377 3076 se
399 3011 434 3074 in
456 3019 558 3075 terras
580 3009 710 3074 demisit
733 3009 954 3095 dissoluitque,

189 3115 329 3181 turbinis
350 3115 514 3178 inmanem
538 3113 603 3177 vim
626 3113 786 3199 provomit
808 3121 906 3200 atque
929 3113 1095 3198 procellae.

189 3221 246 3286 sed
269 3220 345 3306 quia
366 3219 405 3284 fit
426 3241 497 3283 raro
520 3217 649 3283 omnino
672 3218 854 3303 montisque
877 3226 1038 3283 necessest

189 3325 314 3389 officere
337 3324 371 3388 in
393 3323 496 3401 terris,
518 3330 653 3408 apparet
675 3322 816 3387 crebrius
838 3322 925 3387 idem
963 3378 964 3381 ,

188 3436 358 3517 prospectu
382 3426 478 3491 maris
500 3425 535 3489 in
556 3448 673 3511 magno
695 3424 846 3511 caeloque
868 3425 1004 3511 patenti.
1249 3445 1313 3514 450

233 3534 357 3599 Nubila
379 3539 594 3608 concrescunt,
616 3531 673 3596 ubi
696 3553 826 3616 corpora
848 3531 953 3596 multa
975 3531 1112 3596 volando

101 3763 171 3811 suevi
182 3768 211 3810 ut
222 3760 288 3809 Mar.
300 3758 373 3807 lunt.
500 3755 548 3804 421
560 3757 616 3805 loca
627 3755 649 3803 B
661 3769 726 3804 0011.
738 3754 806 3803 Flor.
820 3755 850 3802 31
863 3752 951 3804 (lamb.
965 3755 1035 3804 Mon.
1048 3755 1106 3805 Ver.
1118 3754 1185 3806 Ven.
1197 3757 1314 3812 1011001.

102 3861 148 3908 que
164 3847 218 3894 elus
234 3841 314 3892 Lech.
331 3842 371 3890 101
387 3855 434 3901 quc
447 3841 515 3902 plur.
549 3854 595 3901 quc
612 3839 686 3887 holus
702 3837 793 3886 Lamb.
933 3837 981 3885 424
1000 3839 1065 3886 Grai
1081 3836 1152 3887 Flor.
1170 3840 1203 3888 31
1221 3841 1313 3895 (lamb,

101 3926 171 3976 Brix.
183 3927 224 3975 101
237 3927 318 3974 Grati.
354 3925 428 3972 Graii
443 3922 465 3969 B
483 3919 625 3970 cornMar.
661 3917 1210 3972 (1111111110οΜΙ111010111101110100111111
1224 3925 1315 3976 610111

101 4024 130 4059 01
143 4010 216 4067 Grai,
227 4009 274 4057 not
287 4007 370 4055 Graii.
435 4003 484 4052 426
496 4011 623 4065 tamquam
633 4001 702 4051 Flor.
715 4002 745 4050 31
758 4000 848 4050 (lamb.
861 4000 918 4051 Ver.
933 4000 996 4051 Ven.
1011 3999 1076 4053 Mar.
1091 4001 1132 4051 101
1143 4009 1197 4054 tam
1207 4019 1275 4057 11111.

149 4091 198 4140 428
209 4090 290 4139 incita
300 4087 368 4137 Flor.
384 4086 415 4135 31
427 4084 517 4134 (lamb.
530 4085 595 4134 Mar.
607 4085 655 4133 etc.
667 4083 707 4132 101
719 4084 807 4132 lecito.
873 4082 923 4131 430
933 4084 1038 4132 veniant
1048 4083 1129 4136 Lech.
1143 4084 1185 4135 for
1196 4089 1315 4143 0011111111

101 4173 170 4222 Flor.
188 4172 218 4221 31
230 4172 295 4222 Mar.
310 4171 384 4218 Junt.
395 4168 486 4217 Lamb.
498 4166 566 4229 vulg.
580 4166 644 4228 keep
654 4167 766 4224 veniunt,
783 4163 835 4214 and
846 4163 895 4216 429
906 4164 968 4214 read
978 4172 1044 4215 sont.
1143 4167 1196 4218 440
1205 4170 1317 4223 dom

101 4255 191 4305 Lamb.
206 4253 263 4302 first
274 4252 314 4302 101
325 4251 428 4300 detruit.
462 4250 573 4297 detrudit
584 4248 607 4296 A
618 4261 681 4297 corr.
692 4246 762 4296 Nico.
870 4246 918 4298 447
928 4248 1052 4308 procellae
1064 4245 1133 4298 Flor.
1147 4248 1181 4298 sl
1192 4247 1257 4303 Vnt.
1266 4250 1317 4307 640

101 4334 193 4385 Urbin.
204 4333 264 4383 Vnt.
277 4333 340 4381 1136
353 4328 448 4380 Othob.
461 4330 526 4378 Mar.
538 4328 578 4377 101
585 4329 709 4390 procellat
720 4325 804 4375 which
816 4326 891 4376 Wak.
904 4326 1026 4390 absurdly
1036 4327 1144 4377 retains.
1266 4332 1317 4387 w

104 4418 203 4480 officere
214 4417 283 4466 Flor.
294 4417 326 4464 31
338 4414 427 4464 (lamb.
440 4414 511 4464 Mon.
523 4411 563 4461 101
576 4413 693 4474 officeret.
801 4410 849 4460 452
861 4425 948 4472 supero
959 4408 1039 4460 Lech.
1051 4409 1092 4460 101
1102 4425 1187 4476 uapor.
1222 4428 1294 4483 q·
