2842 4860
727 254 782 318 III

236 416 356 494 turbat,
380 437 479 502 agens
501 414 644 480 animam
666 422 805 500 spumat,
828 415 920 499 quasi
941 415 976 478 in
998 436 1137 500 aequora
1160 415 1243 479 salso
1280 453 1282 457 ν

236 528 407 584 ventorum
429 519 544 584 validis
568 519 751 583 fervescunt
773 518 895 582 viribus
917 519 1032 584 undas.

239 623 432 708 exprimitur
452 645 545 708 porro
567 622 718 707 gemitus,
740 622 818 708 quia
840 623 986 686 membra
1008 622 1116 686 dolore

238 727 437 793 adficiuntur
458 735 493 792 et
515 727 647 791 omnino
670 727 755 813 quod
779 727 903 791 semina
925 727 1012 791 vocis

241 830 403 895 eiciuntur
425 838 459 896 et
481 853 535 894 ore
557 832 641 894 foras
663 831 840 915 glomerata
863 831 1012 895 feruntur

240 957 305 1018 qua
326 933 419 1019 quasi
441 941 636 998 consuerunt
659 941 693 998 et
715 941 791 997 suut
814 934 942 998 munita
964 933 1037 998 viai.

238 1037 432 1121 desipientia
453 1037 499 1114 fit,
523 1037 600 1122 quia
622 1037 670 1101 vis
692 1036 794 1099 animi
816 1044 916 1122 atque
942 1036 1064 1100 animai

239 1143 450 1207 conturbatur
472 1151 514 1218 et,
536 1150 575 1207 ut
598 1141 699 1218 docui,
723 1139 827 1206 divisa
848 1163 991 1206 seorsum

238 1245 426 1311 disiectatur
448 1247 560 1311 eodem
583 1246 638 1310 illo
661 1246 815 1310 distracta
836 1269 969 1311 veneno.

240 1349 316 1412 inde
338 1348 396 1413 ubi
417 1350 483 1413 iam
506 1349 609 1413 morbi
631 1349 758 1413 reflexit
780 1371 876 1413 causa
897 1349 1047 1434 reditque

239 1451 274 1514 in
296 1452 435 1515 latebras
457 1473 529 1516 acer
550 1451 692 1536 corrupti
715 1452 853 1536 corporis
875 1474 978 1528 umor,

241 1565 313 1619 tum
336 1556 428 1640 quasi
450 1556 621 1619 vaccillans
643 1556 784 1639 primurn
808 1556 972 1641 consurgit
995 1564 1029 1620 et
1051 1555 1156 1620 omnis

241 1660 399 1745 paulatim
421 1659 507 1724 redit
529 1659 564 1723 in
586 1681 698 1724 sensus
721 1661 928 1745 animamque
950 1669 1102 1745 receptat.

242 1765 321 1828 baec
342 1763 443 1848 igitur
464 1763 564 1826 tantis
586 1763 644 1827 ubi
667 1763 786 1827 morbis
807 1785 937 1848 corpore
959 1763 994 1826 in
1017 1763 1085 1847 ipso

242 1869 404 1933 iactentur
425 1868 615 1952 miserisque
637 1867 743 1932 modis
765 1867 919 1932 distracta
940 1868 1095 1943 laborent,
1150 1915 1154 1924 .

164 2009 167 2016 ·
244 1997 300 2038 our
322 1973 435 2038 eadem
457 1972 559 2036 credis
582 1972 651 2036 sine
674 1971 860 2056 corporein
882 1993 955 2036 aere
978 1980 1090 2056 aperto

243 2099 318 2141 cum
339 2076 454 2140 validis
477 2076 582 2140 ventis
604 2083 745 2139 aetatem
768 2075 885 2160 degere
907 2081 1018 2160 posse?

242 2190 276 2246 et
298 2181 449 2265 quoniam
471 2188 615 2244 mentem
637 2179 751 2256 sanari,
773 2202 886 2264 corpus
908 2189 947 2244 ut
968 2202 1111 2266 aegrum,

244 2286 404 2350 cernimus
426 2294 461 2350 et
483 2285 570 2348 flecti
592 2284 752 2348 medicina
772 2306 864 2368 posse
886 2283 1041 2361 videmus,

243 2393 277 2456 id
300 2412 428 2477 quoque
450 2390 610 2475 praesagit
633 2389 800 2452 mortalem
824 2388 930 2452 vivere
952 2396 1105 2453 mentem.

244 2496 360 2560 addere
382 2495 470 2560 enim
492 2494 593 2579 partis
614 2501 671 2558 aut
694 2494 804 2558 ordine
827 2494 979 2558 traiecere
1001 2501 1146 2557 aecumst

245 2607 303 2664 aut
325 2598 448 2683 aliquid
470 2620 616 2683 prorsum
640 2597 680 2661 de
703 2619 830 2661 summa
852 2597 1020 2662 detrahere
1042 2597 1155 2674 hilum,

245 2718 442 2769 commutare
465 2702 611 2766 animum
634 2701 829 2786 quicumque
852 2700 998 2766 adoritur
1020 2709 1054 2765 et
1075 2701 1150 2764 infit

244 2816 303 2872 aut
325 2807 423 2870 aliam
444 2804 592 2890 quamvis
614 2811 765 2868 naturam
788 2803 917 2868 flectere
939 2804 1075 2889 quaerit,

245 2919 280 2974 at
302 2930 407 2994 neque
430 2907 593 2972 transferri
616 2907 678 2971 sibi
700 2906 801 2992 partis
826 2930 883 2971 nec
905 2907 1006 2971 tribui
1028 2907 1100 2971 vult

245 3015 414 3078 inmortale
437 3013 521 3098 quod
545 3022 593 3077 est
617 3013 791 3098 quicquam
813 3034 920 3097 neque
942 3011 1084 3076 defluere
1108 3012 1221 3078 hilum.

245 3141 322 3182 nam
344 3117 569 3202 quodcumque
592 3117 658 3181 suis
680 3123 844 3179 mutatum
868 3116 987 3180 finibus
1013 3115 1090 3195 exit,

245 3219 397 3285 continuo
420 3220 479 3284 hoc
501 3241 587 3283 mors
609 3227 658 3283 est
680 3219 767 3282 illius
790 3219 874 3302 quod
897 3218 960 3281 fuit
983 3227 1067 3282 ante.

246 3349 320 3412 ergo
342 3325 470 3389 animus
491 3325 558 3389 sive
578 3324 742 3409 aegrescit,
766 3324 916 3389 mortalia
941 3325 1033 3408 signa

246 3429 359 3508 mittit,
382 3429 433 3492 uti
460 3429 564 3506 docui,
591 3450 648 3492 seu
674 3429 816 3493 flectitur
840 3451 860 3492 a
885 3428 1052 3492 medicina

247 3555 349 3617 usque
375 3532 454 3596 adeo
480 3533 578 3596 falsae
601 3522 720 3596 rationi
745 3554 821 3596 vera
842 3532 971 3596 videtur

246 3659 296 3700 res
320 3659 482 3701 occurrere
503 3645 537 3701 et
562 3636 719 3722 effugium
747 3638 952 3722 praecludere
977 3639 1069 3703 eunti

247 3741 446 3826 ancipitique
470 3742 614 3806 refutatu
637 3742 824 3806 convincere
847 3742 971 3806 falsum.
1306 3760 1366 3828 525

289 3845 439 3932 Denique
461 3868 556 3930 saepo
578 3846 743 3910 hominem
766 3846 924 3931 paulatim
946 3845 1107 3910 cernimus
1129 3844 1176 3912 ire

160 4057 204 4108 old
216 4055 269 4106 eds.
285 4056 326 4105 for
342 4069 402 4117 quo.
500 4053 549 4104 493
563 4061 676 4119 aomar„
688 4056 763 4116 quoii
776 4056 805 4103 in
820 4053 899 4104 Laob.
918 4053 958 4103 for
973 4070 1091 4118 apameno
1110 4057 1147 4114 in,
1166 4058 1235 4105 most
1253 4057 1370 4121 acutely:

160 4142 255 4190 former
272 4139 411 4187 correctore
426 4134 479 4184 and
495 4133 600 4196 editors,
617 4149 680 4183 eren
695 4135 796 4194 Lamb.,
807 4135 861 4186 had
879 4135 950 4197 quite
965 4136 1095 4185 mistaken
1112 4137 1156 4186 the
1171 4137 1303 4200 meaning,
1317 4139 1371 4188 and

160 4219 249 4285 joined
260 4233 334 4280 apem
350 4219 461 4266 animam
472 4215 535 4264 with
545 4218 584 4265 vir
595 4217 687 4265 morbi:
705 4214 774 4265 their
784 4216 889 4266 various
900 4216 1019 4279 readings
1031 4233 1074 4266 are
1085 4222 1134 4267 not
1144 4218 1228 4268 worth
1239 4220 1370 4270 montion-

161 4305 218 4365 ing:
235 4301 309 4352 Wak.
323 4298 346 4349 is
357 4297 498 4360 unusually
508 4312 632 4360 perverse.
741 4299 789 4349 497
801 4301 941 4349 Eiciarrtar
950 4298 1042 4349 Lamb.
1055 4299 1096 4349 for
1107 4302 1267 4350 Elicionrar:
1285 4317 1328 4351 see
1340 4305 1372 4352 58

160 4383 318 4436 and1v945.
413 4379 568 4429 trameant
581 4380 646 4429 Mar.
659 4379 716 4428 Ald.
730 4380 744 4427 1
756 4379 830 4429 Junt.
844 4380 884 4430 for
895 4382 1011 4432 rationis.
1114 4383 1161 4430 525
1178 4383 1293 4445 refutata
1305 4384 1371 4436 Mar.
