2842 4860
257 363 397 436 adsimili
420 365 544 429 ratione
567 364 646 430 alias
670 374 707 430 ut
731 367 873 450 postulet
896 367 980 444 ordo,

257 467 285 530 si
307 474 344 530 tu
366 467 449 530 forte
472 467 559 531 voles
581 468 680 531 etiam
704 467 827 532 variare
850 469 975 553 figuras.

257 592 333 655 ergo
355 570 529 635 formarum
552 571 732 637 novitatem
756 574 896 658 corporis
918 597 1057 659 augmen

258 673 474 758 subsequitur.
518 695 618 759 quare
642 698 706 738 non
730 682 778 739 est
800 683 839 740 ut
861 677 990 743 credere
1012 678 1115 762 possis

258 797 326 840 esse
348 776 486 840 infinitis
508 777 664 842 distantia
686 778 810 843 semina
832 778 949 857 formis,

258 901 299 943 ne
322 880 481 964 quaedam
504 902 597 965 cogas
619 881 743 944 inmani
766 882 971 948 maximitate

258 1004 335 1059 esse,
358 1005 455 1067 supra
476 983 561 1068 quod
583 983 650 1050 iam
672 984 766 1048 docui
789 1007 853 1049 non
876 1008 967 1070 posse
989 986 1124 1072 probari.

258 1085 323 1149 iam
346 1086 408 1150 tibi
429 1086 614 1152 barbaricae
638 1096 743 1153 vestes
765 1087 991 1174 Meliboeaque
1014 1090 1140 1174 fulgens

258 1212 401 1274 purpura
423 1189 606 1255 Thessalico
629 1192 824 1259 concharum
847 1201 935 1258 tacta
957 1194 1061 1259 colore

257 1419 355 1461 aurea
376 1419 538 1482 pavonum
561 1398 680 1463 ridenti
703 1400 831 1466 imbuta
853 1402 960 1486 lepore

258 1503 370 1580 saecla,
394 1525 476 1566 novo
498 1525 606 1567 rerum
629 1513 781 1588 superata
803 1505 907 1570 colore
929 1505 1073 1571 iacerent

259 1613 292 1668 et
314 1614 519 1690 contemptus
541 1607 619 1670 odor
640 1629 788 1691 smyrnae
811 1608 979 1693 mellisque
1002 1631 1138 1693 sapores,

260 1717 292 1772 et
315 1731 433 1793 cycnea
455 1710 538 1774 mele
561 1711 775 1796 Phoebeaque
798 1712 933 1778 daedala
954 1713 1080 1777 chordis

258 1813 400 1876 carmina
422 1812 581 1877 consimili
603 1814 727 1880 ratione
750 1837 901 1900 oppressa
923 1816 1074 1895 silerent;

259 1937 399 1999 namque
422 1916 494 1979 aliis
517 1916 607 1981 aliud
629 1917 847 2002 praestantius
870 1927 1064 1984 exoreretur.

258 2019 370 2082 cedere
392 2019 472 2083 item
495 2028 579 2084 retro
601 2028 732 2104 possent
754 2021 789 2084 in
812 2020 985 2086 deteriores

259 2123 367 2186 omnia
389 2123 433 2187 sic
454 2124 566 2208 partis,
590 2133 628 2188 ut
650 2124 792 2189 diximus
814 2126 849 2189 in
872 2125 1031 2204 melioris3

259 2250 399 2312 namque
421 2228 493 2291 aliis
515 2229 603 2294 aliud
627 2237 712 2294 retro
735 2251 863 2314 quoque
885 2229 1022 2294 taetrius
1045 2239 1130 2294 esset

259 2331 388 2395 naribus
409 2332 541 2397 auribus
563 2341 662 2418 atque
685 2335 785 2400 oculis
808 2335 934 2419 orisque
956 2335 1071 2420 sapori

259 2457 341 2519 quae
364 2437 517 2521 quoniam
539 2459 605 2501 non
626 2447 712 2514 sunt,
734 2438 789 2503 sed
810 2438 907 2503 rebus
930 2438 1058 2503 reddita
1079 2450 1167 2503 certa

259 2541 332 2605 finis
354 2542 518 2626 utrimque
538 2549 631 2606 tenet
653 2564 822 2619 summam,
845 2542 964 2631 fateare
988 2550 1147 2607 necessest

259 2645 429 2710 materiem
451 2667 580 2730 quoque
602 2644 704 2710 finitis
726 2645 857 2710 differre
880 2645 1000 2729 figuris.

260 2748 399 2832 denique
421 2748 462 2812 ab
485 2748 615 2834 ignibus
637 2748 678 2813 ad
700 2748 824 2833 gelidas
845 2749 907 2812 iter
930 2771 1032 2834 usque
1056 2749 1189 2834 pruinas

258 2851 423 2917 finitumst
445 2860 594 2936 retroque
616 2851 686 2936 pari
708 2851 833 2915 ratione
855 2861 1092 2932 1·emensumst;

260 2955 363 3018 omnis
386 2955 473 3019 enim
496 2955 582 3019 calor
603 2978 639 3019 ac
662 2955 763 3040 frigus
786 2954 951 3039 mediique
973 2964 1101 3040 tepores

259 3059 498 3143 interutrasque
522 3058 628 3124 iacent
649 3059 818 3143 explentes
841 3057 952 3122 ordine
975 3080 1145 3124 summam.

260 3185 335 3247 ergo
357 3162 452 3226 finita
474 3162 598 3226 distant
620 3162 745 3226 ratione
764 3170 880 3238 creata,

167 3325 274 3387 femiae.
374 3322 896 3386 4995515101.1111115551151.
933 3338 983 3372 esse
998 3325 1105 3386 probare
1124 3323 1186 3375 Mar.
1290 3326 1381 3375 50121

173 3403 268 3454 believe
279 3418 295 3452 a
306 3394 378 3453 verse
389 3402 481 3452 ishere
492 3403 543 3452 lost
555 3404 584 3452 ol'
593 3403 647 3451 this
658 3406 750 3453 nature
759 3409 783 3450 et
790 3416 850 3464 quos
857 3404 989 3452 ostendant
1000 3404 1029 3452 ia
1039 3405 1099 3453 colis
1112 3406 1165 3455 luce
1176 3406 1277 3457 colores.
1310 3415 1380 3457 tacta

172 3486 249 3536 Lech
265 3485 824 3549 50510555111151551155111149115115515,
861 3486 942 3534 tirwta
960 3485 1033 3536 Junt.
1048 3486 1116 3548 vulg.
1218 3488 1266 3538 502
1282 3490 1379 3540 ridenti

173 3568 215 3619 Fr.
237 3568 348 3622 Medicas
366 3569 405 3617 for
424 3569 510 3618 rideat
529 3569 580 3618 and
600 3570 649 3619 503
668 3584 730 3618 novo
750 3569 790 3617 l'or
808 3583 881 3617 nova.
934 3570 1027 3629 Aurea,
1045 3584 1072 3631 p.
1093 3570 1189 3618 12551111·
1207 3571 1312 3620 imitata
1329 3576 1377 3623 etc.

172 3650 267 3702 Lech:
286 3651 376 3701 Lamb.
397 3651 450 3700 and
468 3652 535 3712 vulg.
550 3651 605 3701 edd.
621 3659 645 3701 et
663 3654 691 3700 at
708 3650 867 3700 5111151501.
969 3651 1017 3701 503
1035 3653 1133 3701 saeclo.
1169 3654 1251 3715 Pepla
1267 3653 1296 3704 P.
1315 3655 1380 3704 Bur-

173 3748 254 3783 mann
270 3733 344 3783 Wak.
447 3734 494 3782 504
510 3736 546 3784 Et
565 3741 718 3796 contemptus
737 3734 798 3782 odor
817 3732 886 3781 Flor.
908 3734 939 3780 31
958 3733 1047 3783 (lamb.
1066 3733 1137 3783 Brix.
1153 3733 1216 3786 Ven.
1231 3734 1295 3787 Mar.
1308 3738 1377 3799 vulg.

173 3815 214 3864 for
230 3817 268 3864 Et
287 3821 438 3878 contemptas
455 3817 525 3865 ador.
562 3818 599 3864 Er
610 3823 761 3878 contemptas
772 3814 941 3865 suodorNicc.
957 3815 1032 3866 Ver.:
1048 3815 1129 3866 hence
1146 3816 1160 3865 I
1179 3815 1247 3865 infer
1266 3817 1312 3868 the
1329 3835 1377 3871 ms.

174 3920 202 3968 oi
217 3918 313 3981 Poggio
330 3919 383 3968 had
402 3888 484 3970 ridor.
586 3922 635 3970 512
653 3923 697 3970 aed
715 3921 798 3971 added
815 3922 850 3986 by
866 3922 946 3973 Lach.
1048 3926 1096 3974 514
1107 3926 1194 3988 finitis
1209 3925 1325 3978 Politian
1339 3926 1381 3990 (2),

173 3999 249 4049 Pont.
271 3999 333 4050 Mar.
357 3999 413 4050 alu
438 4000 451 4047 1
471 4001 543 4051 Junt.
565 4001 605 4049 for
623 4003 743 4064 infinitio.
842 4004 890 4052 515
907 4005 957 4052 iter
974 4019 1051 4067 usqae
1070 4005 1151 4056 Lach.
1174 4006 1214 4054 for
1234 4009 1381 4070 hiemisque.

173 4079 284 4142 perhaps
297 4080 402 4128 hiemum
417 4095 504 4143 usquc.
603 4082 651 4132 517
670 4084 756 4131 011ιηὶ1
775 4082 804 4131 oi
822 4097 884 4133 mss.
904 4083 927 4131 is
941 4082 1019 4146 right.
1052 4087 1159 4134 Ertirac
1178 4085 1227 4137 Ed.
1249 4087 1379 4150 formerly.

174 4163 258 4210 Ambit
268 4160 346 4210 Laoh.
382 4163 456 4210 Finis
471 4161 535 4212 Mar.
551 4162 623 4213 Junt.
659 4166 733 4212 Finit
750 4164 841 4215 hamb.
863 4164 947 4227 vulgo.
1049 4168 1097 4216 518
1113 4169 1322 4232 Intemtrarquc:
1340 4184 1382 4220 see

172 4245 282 4293 1151552.
315 4247 587 4308 litteratrusqaemss.
624 4249 802 4310 laterutraque
820 4246 899 4298 Lech.
917 4247 978 4297 here
996 4248 1049 4298 and
1062 4248 1091 4298 in
1108 4249 1157 4299 five
1172 4250 1383 4314 other-placeas

173 4329 221 4377 472
233 4327 280 4377 476
292 4342 318 4376 vr
330 4327 377 4376 362
390 4329 462 4386 1062,
474 4329 526 4377 and
538 4344 569 4377 111
582 4331 629 4379 300
641 4329 725 4379 where
740 4331 753 4379 I
771 4330 831 4380 read
849 4333 921 4381 later
937 4339 1062 4394 utrosque,
1081 4332 1133 4382 and
1152 4347 1168 4381 v
1186 4334 1234 4383 839
1253 4332 1296 4380 for
1315 4334 1383 4382 inter
